=LDR  04190cas a2201057 a 4500
=001  012118188
=003  Uk
=005  20211231154108.0
=007  ta
=008  960507c19959999ne\mr\p\\\\\\\0\\\a0eng\\
=015  \\$aGB9588976$2bnb
=019  c\$a2522335
=019  0\$as515742023
=019  y\$ab9588976
=019  9\$ab9588976
=022  0\$a1381-5148
=039  0\$a2365
=040  \\$aUk$cUk$dUk
=082  04$a572.33$221
=084  \\$aKL 20$2blsrissc
=245  00$aReactive & functional polymers.
=246  3\$aReactive and functional polymers
=260  \\$aAmsterdam :$bElsevier,$c1995-
=300  \\$av. :$bill. ;$c27 cm.
=310  \\$aBi-monthly
=336  \\$atext$2rdacontent
=337  \\$aunmediated$2rdamedia
=338  \\$avolume$2rdacarrier
=362  0\$aVol. 26, nos. 1/3 (Sept. 1995)-
=540  \\$aCurrent copyright fee: GBP34.30$c5\1$5Uk
=595  \\$aFORMERLY 7300.2826 UP TO VOL. 25, 1995.
=650  \0$aPolymers$vPeriodicals.
=650  \0$aChemical reactors$vPeriodicals.
=650  \0$aPolymerization$vPeriodicals.
=780  00$tReactive polymers$x0923-1137
=852  71$aBritish Library$bSTI$k(P)$hKL 20$m-E(3)$2blsrissc$3Vol. 26 (1995)-v. 69, no. 6 (June 2009)***Items prior to 2005 available for remote supply. Items 2005 onwards available for reading room only
=852  41$aBritish Library$bDSC$j7300.281700$3Vol. 26 (1995)-v. 41, no. 1/3 (July 1999).
=852  41$aBritish Library$bHMNTS
=856  \\$31850-9999$uhttp://www.elsevier.com/journals$xBLDSS
=945  \\$aREACTIVE AND FUNCTIONAL POLYMERS.
=959  \\$fCurrently received
=A02  \\$a2522335
=ACF  \\$aPrevious copyright fee: GBP19.00$c5\1$e01-jan-2008$fGBP19.00$g0$hP$5Uk
=ACF  \\$aPrevious copyright fee: GBP18.00$c5\1$e01-apr-2004$fGBP18.00$g0$hP$5Uk
=ACF  \\$aCurrent copyright fee: GBP20.00$c5\1$e01-jan-2003$fGBP20.00$g0$hP$5Uk
=ACF  \\$aCurrent copyright fee: GBP15.00$c5\1$e01-jul-2002$fGBP15.00$g0$hP$5Uk
=ACF  \\$aPrevious copyright fee: GBP20.00$c5\1$e01-jan-2009$fGBP20.00$g0$hP$5Uk
=ACF  \\$aPrevious copyright fee: GBP21.00$c5\1$e01-jan-2012$fGBP21.00$g0$hP$5Uk
=ACF  \\$aPrevious copyright fee: GBP22.50$c5\1$e01-jan-2013$fGBP22.50$g0$hP$5Uk
=ACF  \\$aPrevious copyright fee: GBP23.40$c5\1$e01-jan-2018$fGBP23.40$g0$hP$5Uk
=CAT  \\$aCONV$b00$c20040425$lBLL90$h0855
=CAT  \\$aBATCH$b00$c20071231$lBLL01$h2245
=CAT  \\$aBATCH-UPD$b00$c20081119$lBLL01$h1559
=CAT  \\$aBATCH-UPD$b00$c20081231$lBLL01$h2306
=CAT  \\$aBATCH-UPD$b00$c20090101$lBLL01$h0041
=CAT  \\$aBATCH$b00$c20090101$lBLL01$h0216
=CAT  \\$aBATCH$b00$c20091210$lBLL01$h0653
=CAT  \\$aBATCH$b00$c20091214$lBLL01$h0834
=CAT  \\$aBATCH$b00$c20091216$lBLL01$h0210
=CAT  \\$a8874$b40$c20110901$lBLL01$h1037
=CAT  \\$aBATCH-UPD$b40$c20111123$lBLL01$h1852
=CAT  \\$aIPL-CLA$c20111230$lBLL01$h1957
=CAT  \\$aBATCH-CLA$b00$c20121109$lBLL01$h1740
=CAT  \\$aBATCH-UPD$b00$c20121121$lBLL01$h1655
=CAT  \\$aIPL-CLA$c20121231$lBLL01$h1306
=CAT  \\$aIPL-CLA$c20130102$lBLL01$h1722
=CAT  \\$aWR13.005$c20130323$lBLL01$h1319
=CAT  \\$aWR14_140$c20140905$lBLL01$h1757
=CAT  \\$aBLDSS-3PM$b00$c20141222$lBLL01$h1712
=CAT  \\$aBATCH-UPD$b00$c20170304$lBLL01$h1116
=CAT  \\$aBATCH-UPD$b00$c20171121$lBLL01$h1741
=CAT  \\$aIPL-CLA$c20171231$lBLL01$h1609
=CAT  \\$aBATCH-UPD$b00$c20190521$lBLL01$h1433
=CAT  \\$aIPL-CLA$c20190630$lBLL01$h1531
=CAT  \\$aBATCH-UPD$b00$c20211119$lBLL01$h1551
=CAT  \\$aIPL-CLA$c20211231$lBLL01$h1541
=CFI  0\$aCurrent copyright fee: GBP34.30$c5\1$e01-jan-2022$fGBP34.30$g0$hP$5Uk
=CFI  2\$aPrevious copyright fee: GBP32.84$c5\1$e01-jul-2019$fGBP32.84$g0$hP$5Uk
=EST  \\$a2
=FFP  \\$aY$bBLDSS-3PM
=FIN  \\$aY
=FMT  \\$a  SE
=LAS  \\$aIPL-CLA$b00$c20211231$lBLL01$h1541
=LEO  \\$aMP10.0000481289
=LEO  \\$aMP25.0000206567
=LEO  \\$aMP5.0000831799
=SRC  \\$aBNB03$bbibmp5.200404.2.ab
=SRC  \\$aDSS01$bbibmp10.200404.2.aa
=SRC  \\$aSRI01$bbibmp25.200404.2.aa
=TCO  \\$aNLD$bSTICHTING REPRORECHT$c008
=TOC  \\$aETOC

