=LDR  04753cas a2201177 a 4500
=001  012396336
=003  Uk
=005  20211231154116.0
=006  aa\\\|||||||||||||
=007  ta
=008  980910c19999999flumr\p\\\\\\\0\\\a0eng\d
=010  \\$asn 98009273
=019  c\$a2578194
=019  0\$as64506100x
=022  0\$a1521-6616
=030  \\$aCLIIFY
=032  \\$a083990$bUSPS
=035  \\$a(OCoLC)ocm39848182
=037  \\$bAcademic Press, 6277 Sea Harbor Dr., Orlando, FL 32887-4900$c{dollar}1295.00 (U.S. and Canada)$c{dollar}1540.00 (foreign)
=040  \\$aUk$cUk$dUk
=042  \\$alc$ansdp
=050  00$aRC583$b.C56
=060  00$aW1$bCL715
=082  04$a616.079$221
=084  \\$aGU 28$2blsrissc
=130  0\$aClinical immunology (Orlando, Fla.)
=210  0\$aClin. immunol.$b(Orlando, Fla., Print)
=222  \0$aClinical immunology$b(Orlando, Fla. Print)
=245  10$aClinical immunology :$bthe official journal of the Clinical Immunology Society.
=260  \\$aOrlando, FL :$bAcademic Press,$cc1999-
=300  \\$av. :$bill. ;$c26 cm.
=310  \\$aMonthly
=336  \\$atext$2rdacontent
=337  \\$aunmediated$2rdamedia
=338  \\$avolume$2rdacarrier
=362  0\$aVol. 90, no. 1 (Jan. 1999)-
=500  \\$aTitle from cover.
=530  \\$aOnline version available.
=540  \\$aCurrent copyright fee: GBP34.30$c5\1$5Uk
=595  \\$aFORMERLY 3286.293 UP TO VOL. 89, 1998.
=650  \0$aImmunopathology$vPeriodicals.
=650  \0$aImmunology$vPeriodicals.
=710  2\$aClinical Immunology Society.
=776  1\$tClinical immunology (Orlando, Fla. : Online)$x1521-7035
=780  00$tClinical immunology and immunopathology$x0090-1229
=852  41$aBritish Library$bDSC$j3286.291550$3Vol. 90, no. 1 (1999)-v. 133, no. 3 (2009)***UKRR Retained Title
=852  41$aBritish Library$bSTI
=856  \\$31850-9999$uhttp://www.elsevier.com/journals$xBLDSS
=945  \\$aCLINICAL IMMUNOLOGY -SAN DIEGO- ACADEMIC PRESS-.
=959  \\$fHeld but not currently received
=963  \\$aCA/M-7 VOL. 90, 1999- *A=1$bN
=985  \\$aRecord merged by DQ team
=ACF  \\$aPrevious copyright fee: GBP19.00$c5\9$e01-jan-2008$fGBP19.00$g0$hP$5Uk
=ACF  \\$aPrevious copyright fee: GBP18.00$c5\9$e01-apr-2004$fGBP18.00$g0$hP$5Uk
=ACF  \\$aCurrent copyright fee: GBP20.00$c5\9$e01-jan-2003$fGBP20.00$g0$hP$5Uk
=ACF  \\$aCurrent copyright fee: GBP22.58$c0$e01-oct-2002$fGBP22.58$g0$hC$5Uk
=ACF  \\$aPrevious copyright fee: GBP20.00$c5\1$e01-jan-2009$fGBP20.00$g0$hP$5Uk
=ACF  \\$aPrevious copyright fee: GBP21.00$c5\1$e01-jan-2012$fGBP21.00$g0$hP$5Uk
=ACF  \\$aPrevious copyright fee: GBP22.50$c5\1$e01-jan-2013$fGBP22.50$g0$hP$5Uk
=ACF  \\$aPrevious copyright fee: GBP23.40$c5\1$e01-jan-2018$fGBP23.40$g0$hP$5Uk
=CAT  \\$aCONV$b00$c20040425$lBLL90$h0701
=CAT  \\$aBATCH-UPD$b00$c20081119$lBLL01$h1612
=CAT  \\$aBATCH-UPD$b00$c20081231$lBLL01$h2307
=CAT  \\$aBATCH-UPD$b00$c20090101$lBLL01$h0042
=CAT  \\$aBATCH$b00$c20090101$lBLL01$h0217
=CAT  \\$aCDS-UPD$b40$c20091208$lBLL01$h2213
=CAT  \\$aCDS-UPD$b40$c20091208$lBLL01$h2234
=CAT  \\$a8201$b40$c20110315$lBLL01$h1215
=CAT  \\$aWR11_155$c20111021$lBLL01$h1330
=CAT  \\$aWR11_155$c20111114$lBLL01$h1647
=CAT  \\$aBATCH-UPD$b00$c20111123$lBLL01$h1852
=CAT  \\$aIPL-CLA$c20111230$lBLL01$h2000
=CAT  \\$aBATCH-CLA$b00$c20121109$lBLL01$h1739
=CAT  \\$aBATCH-UPD$b00$c20121121$lBLL01$h1655
=CAT  \\$aIPL-CLA$c20121231$lBLL01$h1307
=CAT  \\$aIPL-CLA$c20130102$lBLL01$h1722
=CAT  \\$aWR13.005$c20130323$lBLL01$h1453
=CAT  \\$aBLDSS-3PM$b00$c20141222$lBLL01$h1712
=CAT  \\$aBATCH-UPD$b00$c20160413$lBLL01$h1815
=CAT  \\$aBATCH-UPD$b00$c20170304$lBLL01$h1117
=CAT  \\$aBATCH-UPD$b00$c20171121$lBLL01$h1742
=CAT  \\$aIPL-CLA$c20171231$lBLL01$h1613
=CAT  \\$aBATCH-UPD$b00$c20190521$lBLL01$h1434
=CAT  \\$aIPL-CLA$c20190630$lBLL01$h1531
=CAT  \\$aBATCH-UPD$b00$c20211119$lBLL01$h1552
=CAT  \\$aIPL-CLA$c20211231$lBLL01$h1541
=CFI  0\$aCurrent copyright fee: GBP34.30$c5\1$e01-jan-2022$fGBP34.30$g0$hP$5Uk
=CFI  2\$aPrevious copyright fee: GBP32.84$c5\1$e01-jul-2019$fGBP32.84$g0$hP$5Uk
=EST  \\$a2
=FFP  \\$aY$bBLDSS-3PM
=FIN  \\$aY
=FMT  \\$a  SE
=LAS  \\$aIPL-CLA$b00$c20211231$lBLL01$h1541
=LEO  \\$aMP10.0000150368
=LEO  \\$aMP25.0000328070
=LKR  \\$aPAR$b012396339$lBLL01$r78000$mClinical immunology (Orlando, Fla. Print)$nClinical immunology and immunopathology (Print)
=SID  \\$aZ39$bLOC
=SRC  \\$aDSS01$bbibmp10.200404.2.aa
=SRC  \\$aSRI01$bbibmp25.200404.2.aa
=TCO  \\$aTRS$bCCC$c008
=TOC  \\$aETOC

