=LDR  04405cas a22010937a 4500
=001  012427272
=003  Uk
=005  20211231154135.0
=006  aa\\\|||||||||||||
=007  ta
=008  040409c19979999enkmr\p\\\\\\\0\\\a0eng\\
=019  c\$a2550335
=019  0\$as639612008
=022  0\$a1089-8603
=040  \\$aUk$cUk$dUk
=082  04$a572.54$221
=084  \\$aKB 44(N)$2blsrissc
=130  0\$aNitric oxide (Orlando, Fla.)
=222  \0$aNitric oxide$b(Print)
=245  00$aNitric oxide :$bbiology and chemistry /$cofficial journal of the Nitric Oxide Society.
=246  13$iAlso called:$aArchives of biochemistry and biophysics.$nPart B
=246  13$aNO
=260  \\$aOrlando, Fla. :$bAcademic,$c1997-
=300  \\$av. :$bill. ;$c28 cm.
=310  \\$aMonthly (except Jan., Apr, July, and Oct.),$b<June 2002->
=321  \\$aBimonthly
=336  \\$atext$2rdacontent
=337  \\$aunmediated$2rdamedia
=338  \\$avolume$2rdacarrier
=362  0\$aVol. 1, no. 1 (Feb. 1997)-
=490  1\$aArchives of biochemistry and biophysics ;$vPart B
=500  \\$aDescription based on: Vol. 1 no. 3 (June 1997)
=530  \\$aAlso available online.
=540  \\$aCurrent copyright fee: GBP34.30$c5\1$5Uk
=650  \0$aNitric oxide$vPeriodicals.
=710  2\$aNitric Oxide Society.
=776  0\$tNitric oxide (Online)$x1089-8611
=787  0\$tArchives of biochemistry and biophysics$x0003-9861
=830  \0$aArchives of biochemistry and biophysics ;$vPart B
=852  41$aBritish Library$bDSC$j6113.671750$3Vol. 1, no. 1 (1997)-v. 21, no. 3/4 (2009)***UKRR Retained Title
=852  71$aBritish Library$bSTI
=856  \\$31850-9999$uhttp://www.elsevier.com/journals$xBLDSS
=945  \\$aNITRIC OXIDE -ORLANDO- ACADEMIC PRESS-.
=957  \\$a970928c
=959  \\$fHeld but not currently received
=963  \\$aCA/U63 VOL. 1, 1997- *A=1$bN
=985  \\$aRecord merged by DQ team
=ACF  \\$aPrevious copyright fee: GBP19.00$c5\9$e01-jan-2008$fGBP19.00$g0$hP$5Uk
=ACF  \\$aPrevious copyright fee: GBP18.00$c5\9$e01-apr-2004$fGBP18.00$g0$hP$5Uk
=ACF  \\$aCurrent copyright fee: GBP20.00$c5\9$e01-jan-2003$fGBP20.00$g0$hP$5Uk
=ACF  \\$aCurrent copyright fee: GBP5.00$c0$e25-apr-2002$fGBP5.00$g0$hC$5Uk
=ACF  \\$aPrevious copyright fee: GBP20.00$c5\1$e01-jan-2009$fGBP20.00$g0$hP$5Uk
=ACF  \\$aPrevious copyright fee: GBP21.00$c5\1$e01-jan-2012$fGBP21.00$g0$hP$5Uk
=ACF  \\$aPrevious copyright fee: GBP22.50$c5\1$e01-jan-2013$fGBP22.50$g0$hP$5Uk
=ACF  \\$aPrevious copyright fee: GBP23.40$c5\1$e01-jan-2018$fGBP23.40$g0$hP$5Uk
=CAT  \\$aCONV$b00$c20040425$lBLL90$h0707
=CAT  \\$aBATCH$b00$c20071231$lBLL01$h2247
=CAT  \\$aBATCH-UPD$b00$c20081119$lBLL01$h1612
=CAT  \\$aBATCH-UPD$b00$c20081231$lBLL01$h2310
=CAT  \\$aBATCH-UPD$b00$c20090101$lBLL01$h0044
=CAT  \\$aBATCH$b00$c20090101$lBLL01$h0219
=CAT  \\$aCDS-UPD$b40$c20091208$lBLL01$h2213
=CAT  \\$aCDS-UPD$b40$c20091208$lBLL01$h2234
=CAT  \\$aBATCH$b00$c20091217$lBLL01$h0257
=CAT  \\$aWR11_155$c20111021$lBLL01$h1330
=CAT  \\$aWR11_155$c20111114$lBLL01$h1647
=CAT  \\$aBATCH-UPD$b00$c20111123$lBLL01$h1852
=CAT  \\$aIPL-CLA$c20111230$lBLL01$h2011
=CAT  \\$aBATCH-CLA$b00$c20121109$lBLL01$h1735
=CAT  \\$aBATCH-UPD$b00$c20121121$lBLL01$h1655
=CAT  \\$aIPL-CLA$c20121231$lBLL01$h1308
=CAT  \\$aIPL-CLA$c20130102$lBLL01$h1725
=CAT  \\$aWR13.005$c20130323$lBLL01$h1507
=CAT  \\$aBLDSS-3PM$b00$c20141222$lBLL01$h1712
=CAT  \\$aBATCH-UPD$b00$c20170304$lBLL01$h1119
=CAT  \\$aBATCH-UPD$b00$c20171121$lBLL01$h1742
=CAT  \\$aIPL-CLA$c20171231$lBLL01$h1621
=CAT  \\$aBATCH-UPD$b00$c20190521$lBLL01$h1434
=CAT  \\$aIPL-CLA$c20190630$lBLL01$h1531
=CAT  \\$aBATCH-UPD$b00$c20211119$lBLL01$h1552
=CAT  \\$aIPL-CLA$c20211231$lBLL01$h1541
=CFI  0\$aCurrent copyright fee: GBP34.30$c5\1$e01-jan-2022$fGBP34.30$g0$hP$5Uk
=CFI  2\$aPrevious copyright fee: GBP32.84$c5\1$e01-jul-2019$fGBP32.84$g0$hP$5Uk
=EST  \\$a2
=FFP  \\$aY$bBLDSS-3PM
=FIN  \\$aY
=FMT  \\$a  SE
=LAS  \\$aIPL-CLA$b00$c20211231$lBLL01$h1541
=LEO  \\$aMP25.0000323188
=LEO  \\$aMP10.0000407134
=SRC  \\$aSRI01$bbibmp25.200404.2.aa
=SRC  \\$aDSS01$bbibmp10.200404.2.aa
=TCO  \\$aCLA$bCLA$c008
=TOC  \\$aETOC

