=LDR  04671cas a2201057 a 4500
=001  012448304
=003  Uk
=005  20211231154225.0
=007  ta
=008  040416d19812010enkzx\p\\\\\\\0\\\a0eng\\
=019  c\$a2186719
=022  \\$a0166-1280
=040  \\$aUk$cUk$dUk
=041  0\$aeng$afre$ager
=050  00$aQD471$b.T52
=082  04$a541.205$222
=210  0\$aJ. mol. struct., Theochem$b(Print)
=222  \0$aJournal of molecular structure. Theochem$b(Print)
=245  00$aJournal of molecular structure.$pTheochem.
=246  30$aTheochem
=260  \\$aAmsterdam :$bElsevier Scientific Pub. Co.,$c1981-2010.
=300  \\$av. :$bill. ;$c24-27 cm.
=310  \\$aSeventy-two issues per year,$b<2010>
=321  \\$aSemimonthly,$b<Aug. 1, 1997- >
=321  \\$aMonthly,$b1981-
=336  \\$atext$2rdacontent
=337  \\$aunmediated$2rdamedia
=338  \\$avolume$2rdacarrier
=362  0\$aVol. 1, no. 1 (Jan. 1981)- = Vol. 76, no. 1 (Jan. 1981)-
=500  \\$a"Applications of theoretical chemistry to organic, inorganic, and biological problems."
=515  \\$aSome volumes issued in several numbers.
=515  \\$aThis title shares numbering with Journal of molecular structure, and carried also its own numbering until 1994: v. 1, no. 1 of this title was also v. 76, no. 1 of Journal of molecular structure.
=540  \\$aCurrent copyright fee: GBP34.30$c5\1$5Uk
=546  \\$aEnglish, French, or German.
=650  \0$aMolecular structure$vPeriodicals.
=650  \0$aChemistry, Physical and theoretical$vPeriodicals.
=650  \0$aChemistry$xData processing$vPeriodicals.
=776  0\$tJournal of molecular structure . Theochem$c(Online)$x1872-7999
=787  1\$tJournal of molecular structure$x0022-2860
=852  49$aBritish Library$bDSC$3See shelfmark 5020.800000
=852  71$aBritish Library$bSTI$k(P)$hKU 00$m-E(3)$2blsrissc$3Vol. 76 (1981)-v. 916 (2009)
=856  \\$31850-9999$uhttp://www.elsevier.com/journals$xBLDSS
=985  \\$aRecord merged by DQ team
=A02  \\$a2186719$z23500
=ACF  \\$aPrevious copyright fee: GBP19.00$c5\1$e01-jan-2008$fGBP19.00$g0$hP$5Uk
=ACF  \\$aPrevious Copyright Fee: GBP18.00$c0$e01-jan-2005$fGBP18.00$g0$hC$5Uk
=ACF  \\$aPrevious Copyright Fee: GBP20.00$c0$e01-oct-2004$fGBP20.00$g0$hC$5Uk
=ACF  \\$aPrevious copyright fee: GBP20.00$c5\1$e01-jan-2009$fGBP20.00$g0$hP$5Uk
=ACF  \\$aPrevious copyright fee: GBP21.00$c5\1$e01-jan-2012$fGBP21.00$g0$hP$5Uk
=ACF  \\$aPrevious copyright fee: GBP22.50$c5\1$e01-jan-2013$fGBP22.50$g0$hP$5Uk
=ACF  \\$aPrevious copyright fee: GBP23.40$c5\1$e01-jan-2018$fGBP23.40$g0$hP$5Uk
=CAT  \\$aCONV$b00$c20040425$lBLL90$h0713
=CAT  \\$aBATCH-UPD$b00$c20081231$lBLL01$h2314
=CAT  \\$aBATCH-UPD$b00$c20090101$lBLL01$h0048
=CAT  \\$aBATCH$b00$c20090101$lBLL01$h0223
=CAT  \\$a11249$b40$c20090216$lBLL01$h1014
=CAT  \\$a8456$b40$c20090610$lBLL01$h1005
=CAT  \\$aBATCH$b00$c20091210$lBLL01$h2336
=CAT  \\$aBATCH$b00$c20091214$lBLL01$h0848
=CAT  \\$aBATCH$b00$c20091216$lBLL01$h0221
=CAT  \\$a8323$b40$c20110525$lBLL01$h1547
=CAT  \\$a8323$b40$c20110525$lBLL01$h1549
=CAT  \\$aBATCH-UPD$b40$c20111123$lBLL01$h1852
=CAT  \\$aIPL-CLA$c20111230$lBLL01$h2014
=CAT  \\$aBATCH-CLA$b00$c20121109$lBLL01$h1733
=CAT  \\$aBATCH-UPD$b00$c20121121$lBLL01$h1656
=CAT  \\$aIPL-CLA$c20121231$lBLL01$h1310
=CAT  \\$aIPL-CLA$c20130102$lBLL01$h1728
=CAT  \\$aBLDSS-3PM$b00$c20141222$lBLL01$h1713
=CAT  \\$aBATCH-UPD$b00$c20160413$lBLL01$h1817
=CAT  \\$aBATCH-UPD$b00$c20170304$lBLL01$h1147
=CAT  \\$aBATCH-UPD$b00$c20171121$lBLL01$h1743
=CAT  \\$aIPL-CLA$c20171231$lBLL01$h1624
=CAT  \\$aBATCH-UPD$b00$c20190521$lBLL01$h1435
=CAT  \\$aIPL-CLA$c20190630$lBLL01$h1532
=CAT  \\$aBATCH-UPD$b00$c20211119$lBLL01$h1552
=CAT  \\$aIPL-CLA$c20211231$lBLL01$h1542
=CFI  0\$aCurrent copyright fee: GBP34.30$c5\1$e01-jan-2022$fGBP34.30$g0$hP$5Uk
=CFI  2\$aPrevious copyright fee: GBP32.84$c5\1$e01-jul-2019$fGBP32.84$g0$hP$5Uk
=EST  \\$a2
=FFP  \\$aY$bBLDSS-3PM
=FIN  \\$aY
=FMT  \\$a  SE
=LAS  \\$aIPL-CLA$b00$c20211231$lBLL01$h1542
=LEO  \\$aMP10.0000575543
=LKR  \\$aPAR$b013952330$lBLL01$nJournal of molecular structure. Theochem (Online)$mJournal of molecular structure. Theochem (Print)$r776
=LKR  \\$aPAR$b010490913$lBLL01$r787$mJournal of molecular structure. Theochem$nJournal of molecular structure
=SRC  \\$aDSS01$bbibmp10.200404.2.aa
=SRC  \\$aDSS03$bbibsr.200404.2.aa
=TCO  \\$aCLA$bCLA$c008
=TOC  \\$aETOC

