=LDR  03763cas a2200913 a 4500
=001  013594321
=003  Uk
=005  20211231154348.0
=007  ta
=008  061106c20069999gw\mr\p\\\\\\\0\\\a0eng\\
=022  \\$a1860-6768
=040  \\$aUk$beng$cUk$dUk
=042  \\$aukblsr
=082  04$a660.605$222
=210  0\$aBiotechnol. j.$b(Print)
=222  \0$aBiotechnology journal$b(Print)
=245  00$aBiotechnology journal :$bhealthcare, nutrition, technology.
=260  \\$aWeinheim :$bWiley-VCH,$c2006-
=300  \\$av. :$bcol. ill., col. ports. ;$c28 cm.
=310  \\$aMonthly
=336  \\$atext$2rdacontent
=337  \\$aunmediated$2rdamedia
=338  \\$avolume$2rdacarrier
=362  0\$aVol. 1 (Jan. 2006)-
=530  \\$aAlso issued online.
=540  \\$aCurrent Copyright Fee: GBP46.00$c35\0$5Uk
=550  \\$aPublished in liaison with; EFB Section on Biochemical Engineering Science (ESBES) and the European Biosafety Association (EBSA), 2006- ; and the Asian Federation of Biotechnology (AFOB), <2014- >.
=598  \\$aON ORDER 07/41 VOLUME 1 (2006)-
=650  \0$aBiotechnology$vPeriodicals.
=710  2\$aEuropean Federation of Biotechnology.$bSection on Biochemical Engineering Science.
=710  2\$aEuropean Biosafety Association.
=710  2\$aAsian Federation of Biotechnology.
=776  1\$tBiotechnology journal (Online)$x1860-7314
=852  41$aBritish Library$bDSC$j2089.862350$3Volume 1, Number 5 (2006)
=852  41$aBritish Library$bHMNTS$3Jan. (2006)
=856  \\$31850-9999$uhttp://onlinelibrary.wiley.com/$xBLDSS
=945  \\$aBiotechnology journal
=959  \\$fCurrently received
=ACF  \\$aPrevious Copyright Fee: GBP17.00$c35\0$e06-nov-2006$fGBP17.00$g0$hP$5Uk
=ACF  \\$aPrevious copyright fee: GBP22.00$c35\0$e01-jan-2011$fGBP22.00$g0$hP$5Uk
=ACF  \\$aPrevious copyright fee: GBP24.00$c35\0$e01-mar-2015$fGBP24.00$g0$hP$5Uk
=ACF  \\$aPrevious copyright fee: GBP28.00$c35\0$e01-jan-2019$fGBP28.00$g0$hP$5Uk
=CAT  \\$a5473$b40$c20061106$lBLL01$h1457
=CAT  \\$a5466$b40$c20071012$lBLL01$h1039
=CAT  \\$a5997$b40$c20080424$lBLL01$h0919
=CAT  \\$a8291$b40$c20081006$lBLL01$h1616
=CAT  \\$aBATCH-UPD$b40$c20101116$lBLL01$h1335
=CAT  \\$aIPL-CLA$c20101231$lBLL01$h1520
=CAT  \\$a8323$b40$c20120912$lBLL01$h1022
=CAT  \\$a8323$b40$c20120912$lBLL01$h1031
=CAT  \\$a8871$b40$c20121004$lBLL01$h1303
=CAT  \\$aWR12_168$c20121206$lBLL01$h1817
=CAT  \\$aBATCH-CLA$b00$c20140125$lBLL01$h1320
=CAT  \\$aBATCH-CLA$c20140225$lBLL01$h2328
=CAT  \\$a8323$b40$c20140423$lBLL01$h1008
=CAT  \\$aBLDSS-3PM$b00$c20141214$lBLL01$h1523
=CAT  \\$aBATCH-UPD$b00$c20150215$lBLL01$h1658
=CAT  \\$aIPL-CLA$c20150228$lBLL01$h2051
=CAT  \\$aBATCH-UPD$b00$c20160413$lBLL01$h1821
=CAT  \\$aBATCH-UPD$b00$c20170304$lBLL01$h1217
=CAT  \\$aBATCH-UPD$b00$c20180219$lBLL01$h1749
=CAT  \\$aBATCH-UPD$b00$c20181121$lBLL01$h1623
=CAT  \\$aIPL-CLA$c20181231$lBLL01$h1544
=CAT  \\$aR1911-0245$c20191127$lBLL01$h0944
=CAT  \\$aR1911-0245$c20191127$lBLL01$h1045
=CAT  \\$aIPL-CLA$c20191231$lBLL01$h1942
=CAT  \\$a12654$b40$c20211220$lBLL01$h0808
=CAT  \\$aIPL-CLA$c20211231$lBLL01$h1543
=CFI  0\$aCurrent Copyright Fee: GBP46.00$c35\0$e01-jan-2022$fGBP46.00$g0$hP$5Uk
=CFI  2\$aPrevious Copyright Fee: GBP39.00$c35\0$e01-jan-2020$fGBP39.00$g0$hP$5Uk
=EST  \\$a2
=FFP  \\$aY$bBLDSS-3PM
=FIN  \\$aY$d20080424
=FMT  \\$a  SE
=LAS  \\$aIPL-CLA$b00$c20211231$lBLL01$h1543
=LKR  \\$aPAR$b013429428$lBLL01$nBiotechnology journal (Online)$mBiotechnology journal (Print)$r776
=TCO  \\$aDEU$bVG WORT$c008
=TOC  \\$aETOC
=UNO  \\$aY

