=LDR  06108cas a22014297a 4500
=001  011649361
=003  Uk
=005  20211231154025.0
=007  ta
=008  020307c20019999enkbu2p\\\\\\\0\\\a0eng\\
=015  \\$aGBA136197$2bnb
=019  y\$abA136197
=019  9\$abA136197
=019  c\$a2602211
=019  0\$as667727000
=022  0\$a1472-3581$202
=039  0\$a2647
=040  \\$aUk$cUk$dUk
=082  04$a667$221
=084  \\$aMN 47$2blsrissc
=084  \\$aM 20$2blsrissc
=130  0\$aColoration technology (Bradford, England : 2001)
=210  0\$aColor. technol.
=222  \0$aColoration technology
=245  00$aColoration technology.
=246  1\$iAlso known as:$aColouration Technology
=260  \\$aBradford :$bSociety of Dyers and Colourists,$c2001-
=300  \\$av. :$bill. ;$c30 cm.
=310  \\$aSix issues yearly
=336  \\$atext$2rdacontent
=337  \\$aunmediated$2rdamedia
=338  \\$avolume$2rdacarrier
=362  0\$aVol. 117, no. 1 (2001)-
=540  \\$aCurrent copyright fee: GBP39.00$c35\0$5Uk
=595  \\$aFormerly 4886.000000 up to vol. 116(2000) see also 4886.000000 for external library holdings.
=597  \\$aEnhanced$bSRIS DDC
=610  20$aSociety of Dyers and Colourists$vPeriodicals.
=650  \0$aDyes and dyeing$vPeriodicals.
=650  \0$aDye industry$vPeriodicals.
=710  2\$aSociety of Dyers and Colourists.
=776  0\$tColoration technology (Online)$x1478-4408
=780  00$tJournal of the Society of Dyers and Colourists$x0037-9859
=852  41$aBritish Library$bHMNTS$jREG2078$3Vol. 126, no. 1 (2010)-v. 129, no. 2 (2013)***title now taken as electronic copy only
=852  41$32006$aBritish Library$bHMNTS$jLOU.107 [2006]
=852  41$32007$aBritish Library$bHMNTS$jLOU.283 [2007]
=852  41$32009$aBritish Library$bHMNTS$jLOU.315 [2009]
=852  41$32001$aBritish Library$bHMNTS$jLOU.390 [2001]
=852  41$32002$aBritish Library$bHMNTS$jLOU.392 [2002]
=852  41$32003$aBritish Library$bHMNTS$jLOU.471 [2003]
=852  41$32004$aBritish Library$bHMNTS$jLOU.631 [2004]
=852  41$32005$aBritish Library$bHMNTS$jLOU.129 [2005]
=852  41$32008$aBritish Library$bHMNTS$jLOU.257 [2008]
=852  41$aBritish Library$bHMNTS$3Vol. 117, no. 1 (Jan. 2001)-v. 129, no. 2 (2013)
=852  41$aBritish Library$bDSC$j3322.103000$3Vol. 117, no. 1 (2001)-v. 125, no. 6 (2009)***UKRR Retained Title
=852  71$aBritish Library$bSTI$k(P)$hMN 47$m-E(1)$2blsrissc$3Vol.117 (2001)-v. 125, no. 6 (2009)
=856  \\$31850-9999$uhttp://onlinelibrary.wiley.com/$xBLDSS
=945  \\$aCOLORATION TECHNOLOGY.
=957  \\$a010618d
=959  \\$fHeld but not currently received
=A02  \\$a2602211
=ACF  \\$aPrevious Copyright Fee: GBP16.00$c10\0$e09-may-2006$fGBP16.00$g0$hP$5Uk
=ACF  \\$aPrevious Copyright Fee: GBP5.00$c0$e01-apr-2006$fGBP5.00$g0$hC$5Uk
=ACF  \\$aPrevious Copyright Fee: GBP5.00$c0$e01-jan-2006$fGBP5.00$g0$hC$5Uk
=ACF  \\$aPrevious Copyright Fee: GBP5.00$c0$e01-oct-2005$fGBP5.00$g0$hC$5Uk
=ACF  \\$aPrevious Copyright Fee: GBP5.00$c0$e01-jul-2005$fGBP5.00$g0$hC$5Uk
=ACF  \\$aPrevious Copyright Fee: GBP5.00$c0$e01-apr-2005$fGBP5.00$g0$hC$5Uk
=ACF  \\$aPrevious Copyright Fee: GBP5.00$c0$e01-jan-2005$fGBP5.00$g0$hC$5Uk
=ACF  \\$aPrevious Copyright Fee: GBP5.00$c0$e01-oct-2004$fGBP5.00$g0$hC$5Uk
=ACF  \\$aPrevious copyright fee: GBP5.00$c0$e01-jul-2002$fGBP5.00$g0$hC$5Uk
=ACF  \\$aCurrent copyright fee: GBP2.50$c0$e17-may-2001$fGBP2.50$g0$hC$5Uk
=ACF  \\$aPrevious copyright fee: GBP17.00$c10\0$e01-jan-2009$fGBP17.00$g0$hP$5Uk
=ACF  \\$aPrevious copyright fee: GBP22.00$c10\0$e01-jan-2011$fGBP22.00$g0$hP$5Uk
=ACF  \\$aPrevious copyright fee: GBP24.00$c10\0$e01-mar-2015$fGBP24.00$g0$hP$5Uk
=ACF  \\$aPrevious copyright fee: GBP24.00$c35\0$e07-mar-2017$fGBP24.00$g0$hP$5Uk
=ACF  \\$aPrevious copyright fee: GBP28.00$c35\0$e01-jan-2019$fGBP28.00$g0$hP$5Uk
=CAT  \\$aWR09-126
=CAT  \\$aBATCH-UPD$b00$c20120614$lBLL01$h2118
=CAT  \\$aWR12_095$c20120629$lBLL01$h1841
=CAT  \\$aBATCH-CLA$b00$c20121108$lBLL01$h1736
=CAT  \\$aWR12_168$c20121206$lBLL01$h1835
=CAT  \\$aWR13.005$c20130322$lBLL01$h1955
=CAT  \\$a8874$b40$c20130529$lBLL01$h1021
=CAT  \\$aNPL-LOCK$b77$c20140207$lBLL01$h2151
=CAT  \\$aNPL-UNLOCK$b00$c20140216$lBLL01$h0848
=CAT  \\$aWR14_140$c20140905$lBLL01$h1752
=CAT  \\$aBLDSS-3PM$b00$c20141214$lBLL01$h1520
=CAT  \\$aBATCH-UPD$b00$c20150215$lBLL01$h1622
=CAT  \\$aIPL-CLA$c20150228$lBLL01$h2045
=CAT  \\$aBATCH-UPD$b00$c20160413$lBLL01$h1813
=CAT  \\$aBATCH-UPD$b00$c20170304$lBLL01$h1110
=CAT  \\$aW1703-0316$c20170306$lBLL01$h1823
=CAT  \\$aW1703-0316$c20170307$lBLL01$h1646
=CAT  \\$aIPL-CLA$c20170307$lBLL01$h1823
=CAT  \\$aBATCH-UPD$b00$c20180219$lBLL01$h1743
=CAT  \\$aBATCH-UPD$b00$c20181121$lBLL01$h1620
=CAT  \\$aIPL-CLA$c20181231$lBLL01$h1538
=CAT  \\$aR1911-0245$c20191127$lBLL01$h0822
=CAT  \\$aR1911-0245$c20191127$lBLL01$h1044
=CAT  \\$aIPL-CLA$c20191231$lBLL01$h1854
=CAT  \\$aW2111-0842$c20211208$lBLL01$h1942
=CAT  \\$aIPL-CLA$c20211231$lBLL01$h1540
=CFI  0\$aCurrent copyright fee: GBP39.00$c35\0$e01-jan-2022$fGBP39.00$g0$hP$5Uk
=CFI  2\$aPrevious Copyright Fee: GBP32.00$c35\0$e01-jan-2020$fGBP32.00$g0$hP$5Uk
=EST  \\$a2
=FFP  \\$aY$bBLDSS-3PM
=FIN  \\$aY
=FMT  \\$a  SE
=LAS  \\$aIPL-CLA$b00$c20211231$lBLL01$h1540
=LEO  \\$aMP35.0000105125.1
=LEO  \\$aMP5.0001466049
=LEO  \\$aMP10.0000154915
=LEO  \\$aMP22.0000065510
=LEO  \\$aMP25.0000348677
=LKR  \\$aPAR$b013463444$lBLL01$r776$mColoration technology$nColoration technology (Online)
=SRC  \\$aNPLv17$bbibmp35.20070831.aa
=SRC  \\$aBNB03$bbibmp5.200404.2.ac
=SRC  \\$aDSS01$bbibmp10.200404.2.aa
=SRC  \\$aISN01$bbibmp22.200404.2.aa
=SRC  \\$aSRI01$bbibmp25.200404.2.aa
=TCO  \\$aCLA$bCLA$c008
=TOC  \\$aETOC
=UNO  \\$aY

