=LDR  06283cas a2201285 a 4500
=001  011769211
=003  Uk
=005  20220930142549.0
=007  ta
=008  040409d19682012sz\\x\m\\\\\\\0\\\a0eng\\
=019  c\$a2110986
=022  0\$a0077-0965
=040  \\$aUk$cUk$dUk
=082  04$a579.2$222
=245  00$aMonographs in virology.
=260  \\$aBasel, Switzerland ;$aNew York :$bS. Karger,$c1968-2012
=300  \\$av. :$bill. ;$c25 cm.
=310  \\$aIrregular
=336  \\$atext$2rdacontent
=337  \\$aunmediated$2rdamedia
=338  \\$avolume$2rdacarrier
=540  \\$aCurrent copyright fee: GBP37.92$c24\0$5Uk
=595  \\$aSEE ALSO SERIAL RECORDS OLIS.
=650  \0$aVirology.
=852  41$aBritish Library$bDSC$j5917.780000$3Vol. 1 (1968)-Vol. 28 (2012)
=852  71$aBritish Library$bSTI
=856  \\$31850-9999$uhttp://www.karger.com/$xBLDSS
=945  \\$aMONOGRAPHS IN VIROLOGY.
=959  \\$fHeld but not currently received
=963  \\$aCA/M-1 VOL. 1, 1968- 28, 2012 *A=1$bN
=985  \\$aCorrected by MS generated file for WR# 12.018
=A02  \\$a2110986
=ACF  \\$aPrevious copyright fee: GBP27.50$c24\0$e01-oct-2011$fGBP27.50$g0$hP$5Uk
=ACF  \\$aPrevious copyright fee: GBP23.75$c24\0$e01-jul-2011$fGBP23.75$g0$hP$5Uk
=ACF  \\$aPrevious copyright fee: GBP24.52$c24\0$e01-apr-2011$fGBP24.52$g0$hP$5Uk
=ACF  \\$aPrevious copyright fee: GBP16.77$c24\0$e01-jul-2010$fGBP16.77$g0$hP$5Uk
=ACF  \\$aPrevious copyright fee: GBP15.76$c24\0$e01-jan-2010$fGBP15.76$g0$hP$5Uk
=ACF  \\$aPrevious copyright fee: GBP9.47$c24\0$e01-oct-2009$fGBP9.47$g0$hP$5Uk
=ACF  \\$aPrevious copyright fee: GBP11.16$c24\0$e01-apr-2009$fGBP11.16$g0$hP$5Uk
=ACF  \\$aPrevious copyright fee: GBP18.75$c24\0$e01-jan-2009$fGBP18.75$g0$hP$5Uk
=ACF  \\$aPrevious copyright fee: GBP12.50$c24\0$e01-jan-2008$fGBP12.50$g0$hP$5Uk
=ACF  \\$aPrevious copyright fee: GBP12.50$c24\0$e01-jul-2007$fGBP12.50$g0$hP$5Uk
=ACF  \\$aPrevious copyright fee: GBP12.82$c24\0$e01-apr-2007$fGBP12.82$g0$hP$5Uk
=ACF  \\$aPrevious copyright fee: GBP13.52$c24\0$e01-oct-2006$fGBP13.52$g0$hP$5Uk
=ACF  \\$aPrevious copyright fee: GBP14.29$c24\0$e01-apr-2006$fGBP14.29$g0$hP$5Uk
=ACF  \\$aPrevious copyright fee: GBP13.89$c24\0$e01-jan-2006$fGBP13.89$g0$hP$5Uk
=ACF  \\$aPrevious copyright fee: GBP13.51$c24\0$e01-apr-2005$fGBP13.51$g0$hP$5Uk
=ACF  \\$aPrevious copyright fee: GBP13.89$c24\0$e01-jan-2005$fGBP13.89$g0$hP$5Uk
=ACF  \\$aPrevious copyright fee: GBP13.51$c24\0$e01-apr-2004$fGBP13.51$g0$hP$5Uk
=ACF  \\$aCurrent copyright fee: GBP14.70$c24\0$e01-jan-2004$fGBP14.70$g0$hP$5Uk
=ACF  \\$aCurrent copyright fee: GBP15.63$c24\0$e01-jan-2003$fGBP15.63$g0$hP$5Uk
=ACF  \\$aPrevious copyright fee: GBP28.39$c24\0$e01-jan-2012$fGBP28.39$g0$hP$5Uk
=ACF  \\$aPrevious copyright fee: GBP26.66$c24\0$e01-jul-2012$fGBP26.66$g0$hP$5Uk
=ACF  \\$aPrevious copyright fee: GBP27.50$c24\0$e01-jan-2013$fGBP27.50$g0$hP$5Uk
=ACF  \\$aPrevious copyright fee: GBP28.39$c24\0$e01-jul-2013$fGBP28.39$g0$hP$5Uk
=ACF  \\$aPrevious copyright fee: GBP28.44$c24\0$e01-jan-2014$fGBP28.44$g0$hP$5Uk
=ACF  \\$aPrevious copyright fee: GBP27.56$c24\0$e01-jul-2014$fGBP27.56$g0$hP$5Uk
=ACF  \\$aPrevious copyright fee: GBP29.35$c24\0$e01-apr-2015$fGBP29.35$g0$hP$5Uk
=ACF  \\$aPrevious copyright fee: GBP30.33$c24\0$e01-jul-2015$fGBP30.33$g0$hP$5Uk
=ACF  \\$aPrevious copyright fee: GBP29.35$c24\0$e01-oct-2015$fGBP29.35$g0$hP$5Uk
=ACF  \\$aPrevious copyright fee: GBP31.38$c24\0$e01-apr-2016$fGBP31.38$g0$hP$5Uk
=ACF  \\$aPrevious copyright fee: GBP33.70$c24\0$e01-oct-2016$fGBP33.70$g0$hP$5Uk
=ACF  \\$aPrevious copyright fee: GBP36.40$c24\0$e01-apr-2017$fGBP36.40$g0$hP$5Uk
=ACF  \\$aPrevious copyright fee: GBP35.00$c24\0$e01-oct-2017$fGBP35.00$g0$hP$5Uk
=ACF  \\$aPrevious copyright fee: GBP32.50$c24\0$e01-apr-2018$fGBP32.50$g0$hP$5Uk
=ACF  \\$aPrevious copyright fee: GBP35.00$c24\0$e01-oct-2018$fGBP35.00$g0$hP$5Uk
=ACF  \\$aPrevious copyright fee: GBP36.40$c24\0$e01-oct-2019$fGBP36.40$g0$hP$5Uk
=ACF  \\$aPrevious copyright fee: GBP35.00$c24\0$e01-apr-2020$fGBP35.00$g0$hP$5Uk
=ACF  \\$aPrevious copyright fee: GBP36.40$c24\0$e01-jul-2020$fGBP36.40$g0$hP$5Uk
=ACF  \\$aPrevious copyright fee: GBP33.70$c24\0$e01-apr-2021$fGBP33.70$g0$hP$5Uk
=ACF  \\$aPrevious copyright fee: GBP32.50$c24\0$e07-jul-2021$fGBP32.50$g0$hP$5Uk
=CAT  \\$aCONV$b00$c20040425$lBLL90$h0706
=CAT  \\$aBATCH-UPD$b00$c20160824$lBLL01$h1820
=CAT  \\$aIPL-CLA$c20160930$lBLL01$h1556
=CAT  \\$aBATCH-UPD$b00$c20170216$lBLL01$h1909
=CAT  \\$aIPL-CLA$c20170331$lBLL01$h1838
=CAT  \\$aBATCH-UPD$b00$c20170904$lBLL01$h1926
=CAT  \\$aIPL-CLA$c20170929$lBLL01$h1722
=CAT  \\$aBATCH-UPD$b00$c20180223$lBLL01$h1758
=CAT  \\$aIPL-CLA$c20180331$lBLL01$h1612
=CAT  \\$aBATCH-UPD$b00$c20180823$lBLL01$h1942
=CAT  \\$aIPL-CLA$c20180930$lBLL01$h1459
=CAT  \\$aBATCH-UPD$b00$c20190829$lBLL01$h1540
=CAT  \\$aIPL-CLA$c20190930$lBLL01$h1634
=CAT  \\$aBATCH-UPD$b00$c20200219$lBLL01$h1522
=CAT  \\$aIPL-CLA$c20200331$lBLL01$h1610
=CAT  \\$aBATCH-UPD$b00$c20200522$lBLL01$h1507
=CAT  \\$aIPL-CLA$c20200701$lBLL01$h0052
=CAT  \\$aBATCH-UPD$b00$c20210226$lBLL01$h1048
=CAT  \\$aIPL-CLA$c20210331$lBLL01$h1659
=CAT  \\$aBATCH-UPD$b00$c20210707$lBLL01$h1612
=CAT  \\$aIPL-CLA$c20210707$lBLL01$h1842
=CAT  \\$a8411$b40$c20210826$lBLL01$h0913
=CAT  \\$aBATCH-UPD$b40$c20220520$lBLL01$h1652
=CAT  \\$aIPL-CLA$c20220630$lBLL01$h1536
=CAT  \\$aBATCH-UPD$b00$c20220824$lBLL01$h0917
=CAT  \\$aIPL-CLA$c20220930$lBLL01$h1425
=CFI  0\$aCurrent copyright fee: GBP37.92$c24\0$e01-oct-2022$fGBP37.92$g0$hP$5Uk
=CFI  2\$aPrevious copyright fee: GBP36.40$c24\0$e01-jul-2022$fGBP36.40$g0$hP$5Uk
=EST  \\$a2
=FFP  \\$aY$bBLDSS-3PM
=FIN  \\$aY
=FMT  \\$a  SE
=LAS  \\$aIPL-CLA$b00$c20220930$lBLL01$h1425
=LEO  \\$aMP10.0000382346
=MIS  \\$aSO
=SRC  \\$aDSS01$bbibmp10.200404.2.aa
=TCO  \\$aCHE$bPRO LITTERIS$c008
=TOC  \\$aETOC
=UNO  \\$aY

