=LDR  06192cas a22014297a 4500
=001  009826005
=003  Uk
=005  20091208223327.0
=007  ta
=008  040409c19869999enkbr\p\\\\\\\0\\\a0eng\\
=019  c\$a2340178
=019  0\$as067580017
=022  0\$a1748-8842$y0002-2667$202
=040  \\$aUk$beng$cUk$dUk
=042  \\$aissnuk
=082  04$a629.1$221
=084  \\$aVB 00$2blsrissc
=222  \0$aAircraft engineering and aerospace technology
=245  00$aAircraft engineering and aerospace technology.
=246  3\$aAircraft engineering & aerospace technology
=260  \\$aLondon :$bBunhill,$c1986-
=260  2\$31993-2001$aBradford :$bMCB University Press
=260  3\$32002-$aBradford :$bEmerald Group
=300  \\$av. :$bill. ;$c30 cm.
=310  \\$aBimonthly,$b<May-June 1994->
=321  \\$aMonthly,$bApr. 1986-
=336  \\$atext$2rdacontent
=337  \\$aunmediated$2rdamedia
=338  \\$avolume$2rdacarrier
=362  0\$aVol. 58, no. 4 (Apr. 1986)-
=530  \\$aAlso issued online.
=540  \\$aCurrent copyright fee: GBP30.00$c25\0$5Uk
=595  \\$aFormerly 0780.00 up to Vol. 58(3), 1986 See also 0780.00 for other holdings.
=650  \0$aAeronautics$xSystems engineering$vPeriodicals.
=650  \0$aAstronautics$xSystems engineering$vPeriodicals.
=650  \0$aAirplanes$xEquipment and supplies$vPeriodicals.
=650  \0$aSpace vehicles$xEquipment and supplies$vPeriodicals.
=650  \0$aAerospace industries$vPeriodicals.
=776  0\$tAircraft engineering and aerospace technology (Online)$x1758-4213
=780  00$tAircraft engineering$x0002-2667
=852  41$aBritish Library$bHMNTS$jREG2007$3Vol. 82, no. 1 (2010)-v. 86, no. 2 (2014)***title now taken as electronic only
=852  41$32009$aBritish Library$bHMNTS$jLOU.456 [2009]
=852  41$32008$aBritish Library$bHMNTS$jLOU.384 [2008]
=852  41$31986$aBritish Library$bHMNTS$jLOU.726 [1986]
=852  41$31987$aBritish Library$bHMNTS$jLOU.528 [1987]
=852  41$31988$aBritish Library$bHMNTS$jLOU.843 [1988]
=852  41$31989$aBritish Library$bHMNTS$jLOU.492 [1989]
=852  41$31990$aBritish Library$bHMNTS$jLOU.279 [1990]
=852  41$31991$aBritish Library$bHMNTS$jLOU.314 [1991]
=852  41$31992$aBritish Library$bHMNTS$jLOU.276 [1992]
=852  41$31993$aBritish Library$bHMNTS$jLOU.199 [1993]
=852  41$31994$aBritish Library$bHMNTS$jLOU.1107 [1994]
=852  41$31995$aBritish Library$bHMNTS$jLOU.848 [1995]
=852  41$31996$aBritish Library$bHMNTS$jLOU.149 [1996]
=852  41$31997$aBritish Library$bHMNTS$jLOU.764 [1997]
=852  41$31998$aBritish Library$bHMNTS$jLOU.433 [1998]
=852  41$31999$aBritish Library$bHMNTS$jLOU.582 [1999]
=852  41$aBritish Library$bHMNTS$3Vol. 58, No. 4 (Apr. 1986)-
=852  41$32006$aBritish Library$bHMNTS$jLOU.409 [2006]
=852  41$32007$aBritish Library$bHMNTS$jLOU.577 [2007]
=852  41$32000$aBritish Library$bHMNTS$jLOU.432 [2000]
=852  41$32001$aBritish Library$bHMNTS$jLOU.447 [2001]
=852  41$32002$aBritish Library$bHMNTS$jLOU.194 [2002]
=852  41$32003$aBritish Library$bHMNTS$jLOU.500 [2003]
=852  41$32004$aBritish Library$bHMNTS$jLOU.371-2 [2004]
=852  41$32005$aBritish Library$bHMNTS$jLOU.493-4 [2005]
=852  41$aBritish Library$bDSC$j0780.070000$3Vol. 58, no. 4 (1986)-v. 81, no. 6 (2009)***UKRR Retained Title
=852  71$aBritish Library$bSTI$k(P)$hVB 00$m-E(23)$2blsrissc$3Vol. 58, no. 4(1986)- ; Deficient: vol.58, no.8, 11, 12, 1986
=856  \\$31850-9999$uhttp://www.emeraldinsight.com/$xBLDSS
=886  2\$2blmarc$a029$b00$as067580009
=945  \\$aAircraft engineering and aerospace technology
=959  \\$fHeld but not currently received
=963  \\$aVOL. 58(4), 1986- *A=1$bN$cL424.A.10
=968  \\$bx
=A02  \\$a2340178
=ACF  \\$aCurrent copyright fee: GBP10.00$c25\0$e01-jul-2000$fGBP10.00$g0$hP$5Uk
=ACF  \\$aCurrent copyright fee: GBP2.50$c0$e01-jul-1998$fGBP2.50$g0$hC$5Uk
=ACF  \\$aPrevious copyright fee: GBP13.00$c25\0$e01-jan-2004$fGBP13.00$g0$hP$5Uk
=ACF  \\$aPrevious copyright fee: GBP15.00$c25\0$e01-jan-2008$fGBP15.00$g0$hP$5Uk
=CAT  \\$aCONV$b00$c20040425$lBLL90$h0658
=CAT  \\$aBATCH-UPD$b40$c20071231$lBLL01$h2002
=CAT  \\$aBATCH-UPD$b40$c20071231$lBLL01$h2118
=CAT  \\$aBATCH$b00$c20071231$lBLL01$h2224
=CAT  \\$aISSN$b40$c20080315$lBLL01$h0955
=CAT  \\$a11316$b40$c20080804$lBLL01$h1158
=CAT  \\$a10932$b40$c20090124$lBLL01$h1250
=CAT  \\$a10932$b40$c20090207$lBLL01$h1243
=CAT  \\$aCDS-UPD$b40$c20091208$lBLL01$h2210
=CAT  \\$aCDS-UPD$b40$c20091208$lBLL01$h2233
=CAT  \\$aBATCH-UPD$b40$c20091211$lBLL01$h1854
=CAT  \\$aNPL-008-P$c20110504$lBLL01$h2101
=CAT  \\$aWR12_095$c20120629$lBLL01$h1840
=CAT  \\$aBATCH-CLA$b00$c20121104$lBLL01$h1002
=CAT  \\$aWR12_168$c20121206$lBLL01$h1835
=CAT  \\$aWR13.005$c20130323$lBLL01$h1339
=CAT  \\$aWR13.050$c20130324$lBLL01$h1447
=CAT  \\$aBATCH-UPD$b00$c20130904$lBLL01$h1925
=CAT  \\$aIPL-CLA$c20130930$lBLL01$h1727
=CAT  \\$aNPL-LOCK$b77$c20140207$lBLL01$h2149
=CAT  \\$aNPL-UNLOCK$b00$c20140216$lBLL01$h0847
=CAT  \\$aBLDSS-3PM$b00$c20141121$lBLL01$h1851
=CAT  \\$aBATCH-UPD$b00$c20151109$lBLL01$h1745
=CAT  \\$aIPL-CLA$c20151109$lBLL01$h1813
=CAT  \\$aBATCH-UPD$b00$c20160413$lBLL01$h1806
=CAT  \\$aBATCH-UPD$b00$c20170304$lBLL01$h1047
=CFI  0\$aCurrent copyright fee: GBP30.00$c25\0$e09-nov-2015$fGBP30.00$g0$hP$5Uk
=CFI  2\$aPrevious copyright fee: GBP20.00$c25\0$e01-oct-2013$fGBP20.00$g0$hP$5Uk
=EST  \\$a2
=FFP  \\$aY$bBLDSS-3PM
=FIN  \\$aY
=FMT  \\$a  SE
=LAS  \\$aBATCH-UPD$b00$c20170304$lBLL01$h1047
=LEO  \\$aTC.70531
=LEO  \\$aMP25.0000007010
=LEO  \\$aMP10.0000039922
=LKR  \\$aPAR$b009826002$lBLL01$r78000$mAircraft engineering and aerospace technology$nAircraft Engineering
=SRC  \\$aNPLv17$bbibtc.20070831.aa
=SRC  \\$aSRI01$bbibmp25.200404.2.aa
=SRC  \\$aDSS01$bbibmp10.200404.2.aa
=TCO  \\$aCLA$bCLA$c008
=TOC  \\$aETOC
=UNO  \\$aY

