=LDR  04026cas a2201021 a 4500
=001  009833925
=003  Uk
=005  20211231153759.0
=007  ta
=008  970227c19979999paubr\p\\\\\\\0\\\a0eng\c
=010  \\$asn 97000247
=019  c\$a2570616
=022  0\$a1092-9134$l1092-9134$21
=030  \\$aANDPFM
=035  \\$a(OCoLC)36455245
=037  \\$bW.B. Saunders Co., 625 Walnut St., Philadelphia, PA 19106-3399$c{dollar}175.00 (institution)
=040  \\$aNSD$cNSD$dNLM$dNSD$dCAS$dNSD$dOCLCQ$dOCL$dNLGGC$dUAB$dOCLCQ$dUk
=042  \\$ansdp$apcc
=060  00$aW1$bAN573T
=082  04$a616.075$222
=210  0\$aAnn. diagn. pathol.$b(Print)
=222  \0$aAnnals of diagnostic pathology$b(Print)
=245  00$aAnnals of diagnostic pathology.
=260  \\$aPhiladelphia, PA :$bW.B. Saunders Co.,$cc1997-
=300  \\$av. :$bill., ports.
=310  \\$aBimonthly
=336  \\$atext$2rdacontent
=337  \\$aunmediated$2rdamedia
=338  \\$avolume$2rdacarrier
=362  0\$aVol. 1, no. 1 (Oct. 1997)-
=500  \\$aTitle from cover.
=510  0\$aChemical abstracts$x0009-2258
=540  \\$aCurrent copyright fee: GBP34.30$c5\1$5Uk
=650  \0$aDiagnosis, Laboratory$vPeriodicals.
=650  \0$aPathology$vPeriodicals.
=710  2\$aAmerican Registry of Pathology.
=852  41$aBritish Library$bSTI
=852  41$aBritish Library$bDSC$j1040.352000$3Vol. 1 (1997)-v. 13, no. 6 (2009)
=856  \\$31850-9999$uhttp://www.elsevier.com/journals$xBLDSS
=945  \\$aANNALS OF DIAGNOSTIC PATHOLOGY.
=959  \\$fHeld but not currently received
=A02  \\$a2570616
=ACF  \\$aPrevious copyright fee: GBP19.00$c5\9$e01-jan-2008$fGBP19.00$g0$hP$5Uk
=ACF  \\$aPrevious copyright fee: GBP18.00$c5\9$e01-apr-2004$fGBP18.00$g0$hP$5Uk
=ACF  \\$aCurrent copyright fee: GBP20.00$c5\9$e28-may-2003$fGBP20.00$g0$hP$5Uk
=ACF  \\$aCurrent copyright fee: GBP5.00$c0$e01-jul-2000$fGBP5.00$g0$hC$5Uk
=ACF  \\$aPrevious copyright fee: GBP20.00$c5\1$e01-jan-2009$fGBP20.00$g0$hP$5Uk
=ACF  \\$aPrevious copyright fee: GBP21.00$c5\1$e01-jan-2012$fGBP21.00$g0$hP$5Uk
=ACF  \\$aPrevious copyright fee: GBP22.50$c5\1$e01-jan-2013$fGBP22.50$g0$hP$5Uk
=ACF  \\$aPrevious copyright fee: GBP23.40$c5\1$e01-jan-2018$fGBP23.40$g0$hP$5Uk
=CAT  \\$aCONV$b00$c20040425$lBLL90$h0658
=CAT  \\$aBATCH$b00$c20090101$lBLL01$h0145
=CAT  \\$aCDS-UPD$b40$c20091208$lBLL01$h2210
=CAT  \\$aCDS-UPD$b40$c20091208$lBLL01$h2233
=CAT  \\$aBATCH$b00$c20091209$lBLL01$h2333
=CAT  \\$aBATCH$b00$c20091214$lBLL01$h0535
=CAT  \\$aBATCH$b00$c20091216$lBLL01$h0131
=CAT  \\$a8201$b40$c20101025$lBLL01$h1210
=CAT  \\$aWR11_155$c20111021$lBLL01$h1330
=CAT  \\$aWR11_155$c20111114$lBLL01$h1647
=CAT  \\$aBATCH-UPD$b00$c20111123$lBLL01$h1850
=CAT  \\$aIPL-CLA$c20111230$lBLL01$h1811
=CAT  \\$aBATCH-CLA$b00$c20121104$lBLL01$h1000
=CAT  \\$aBATCH-UPD$b00$c20121121$lBLL01$h1653
=CAT  \\$aIPL-CLA$c20121231$lBLL01$h1253
=CAT  \\$aIPL-CLA$c20130102$lBLL01$h1658
=CAT  \\$aWR13.005$c20130323$lBLL01$h1343
=CAT  \\$aBLDSS-3PM$b00$c20141222$lBLL01$h1710
=CAT  \\$aBATCH-UPD$b00$c20160413$lBLL01$h1807
=CAT  \\$aBATCH-UPD$b00$c20170304$lBLL01$h1049
=CAT  \\$aBATCH-UPD$b00$c20171121$lBLL01$h1739
=CAT  \\$aIPL-CLA$c20171231$lBLL01$h1446
=CAT  \\$aBATCH-UPD$b00$c20190521$lBLL01$h1432
=CAT  \\$aIPL-CLA$c20190630$lBLL01$h1527
=CAT  \\$aBATCH-UPD$b00$c20211119$lBLL01$h1550
=CAT  \\$aIPL-CLA$c20211231$lBLL01$h1537
=CFI  0\$aCurrent copyright fee: GBP34.30$c5\1$e01-jan-2022$fGBP34.30$g0$hP$5Uk
=CFI  2\$aPrevious copyright fee: GBP32.84$c5\1$e01-jul-2019$fGBP32.84$g0$hP$5Uk
=EST  \\$a2
=FFP  \\$aY$bBLDSS-3PM
=FIN  \\$aY
=FMT  \\$a  SE
=LAS  \\$aIPL-CLA$b00$c20211231$lBLL01$h1537
=LEO  \\$aMP10.0000050636
=SID  \\$aZ39$bOCLC
=SRC  \\$aDSS01$bbibmp10.200404.2.aa
=TCO  \\$aTRS$bCCC$c008
=TOC  \\$aETOC

