=LDR  06249cas a22012977a 4500
=001  009851842
=003  Uk
=005  20221231143754.0
=007  ta
=008  040409c19919999xxuqr\p\\\\\\\0\\\a0eng\\
=019  c\$a2445374
=019  1\$ap0001970
=022  0\$a1058-0530
=040  \\$aUk$cUk$dUk
=082  04$a658.05$222
=222  \0$aInformation systems management
=245  00$aInformation systems management.
=260  \\$aBoston :$bAuerbach,$c1991-
=260  3\$32007-$aLondon :$bTaylor & Francis
=310  \\$aQuarterly
=336  \\$atext$2rdacontent
=337  \\$aunmediated$2rdamedia
=338  \\$avolume$2rdacarrier
=362  0\$aVol.8, no.3 (Summer 1991)-
=530  \\$aAlso issued online.
=540  \\$aCurrent copyright fee: GBP43.00$c2\0$5Uk
=595  \\$aFORMERLY 5006.778 UP TO VOL. 8(2), 1991.
=690  7\$aManagement and Business Studies$2blcoll
=776  1\$tInformation systems management (Online)$x1934-8703
=780  10$tJournal of information systems management$x0739-9014
=852  41$aBritish Library$bHMNTS$j2719.y.143$3Vol.8, no.3 (Summer 1991)-***UKRR Retained Title
=852  41$aBritish Library$bDSC$j4496.368400$3Vol. 8, no. 3 (1991)-v. 25, no. 4 (2008)***UKRR Retained Title
=852  41$aBritish Library$bSTI$3VOL.13- 17
=856  \\$31850-9999$uhttp://www.tandfonline.com/$xBLDSS
=945  \\$aInformation systems management
=959  \\$fHeld but not currently received
=963  \\$aVOL. 8(3), 1991- *A=1$bN$cP420.B.153
=985  \\$aCorrected by MS generated file for WR# 12.018
=985  \\$aRecord merged by DQ team
=ACF  \\$aPrevious copyright fee: GBP21.00$c2\0$e01-jan-2010$fGBP21.00$g0$hP$5Uk
=ACF  \\$aPrevious copyright fee: GBP20.00$c2\0$e01-jan-2009$fGBP20.00$g0$hP$5Uk
=ACF  \\$aPrevious copyright fee: GBP19.00$c2\0$e01-apr-2008$fGBP19.00$g0$hP$5Uk
=ACF  \\$aPrevious Copyright Fee: GBP20.00$c2\0$e07-dec-2007$fGBP20.00$g0$hP$5Uk
=ACF  \\$aPrevious Copyright Fee: GBP2.00$c0$e01-oct-2007$fGBP2.00$g0$hC$5Uk
=ACF  \\$aPrevious Copyright Fee: GBP2.00$c0$e01-jul-2007$fGBP2.00$g0$hC$5Uk
=ACF  \\$aPrevious Copyright Fee: GBP2.05$c0$e01-apr-2007$fGBP2.05$g0$hC$5Uk
=ACF  \\$aPrevious Copyright Fee: GBP2.16$c0$e01-jan-2007$fGBP2.16$g0$hC$5Uk
=ACF  \\$aPrevious Copyright Fee: GBP2.16$c0$e01-oct-2006$fGBP2.16$g0$hC$5Uk
=ACF  \\$aPrevious Copyright Fee: GBP2.29$c0$e01-jul-2006$fGBP2.29$g0$hC$5Uk
=ACF  \\$aPrevious Copyright Fee: GBP2.29$c0$e01-apr-2006$fGBP2.29$g0$hC$5Uk
=ACF  \\$aPrevious Copyright Fee: GBP2.22$c0$e01-jan-2006$fGBP2.22$g0$hC$5Uk
=ACF  \\$aPrevious Copyright Fee: GBP2.16$c0$e01-oct-2005$fGBP2.16$g0$hC$5Uk
=ACF  \\$aPrevious Copyright Fee: GBP2.16$c0$e01-jul-2005$fGBP2.16$g0$hC$5Uk
=ACF  \\$aPrevious Copyright Fee: GBP2.16$c0$e01-apr-2005$fGBP2.16$g0$hC$5Uk
=ACF  \\$aPrevious Copyright Fee: GBP2.22$c0$e01-jan-2005$fGBP2.22$g0$hC$5Uk
=ACF  \\$aPrevious Copyright Fee: GBP2.16$c0$e01-oct-2004$fGBP2.16$g0$hC$5Uk
=ACF  \\$aPrevious copyright fee: GBP2.16$c0$e01-apr-2004$fGBP2.16$g0$hC$5Uk
=ACF  \\$aCurrent copyright fee: GBP2.35$c0$e01-jan-2004$fGBP2.35$g0$hC$5Uk
=ACF  \\$aCurrent copyright fee: GBP2.50$c0$e01-jan-2003$fGBP2.50$g0$hC$5Uk
=ACF  \\$aPrevious copyright fee: GBP25.00$c2\0$e01-jan-2011$fGBP25.00$g0$hP$5Uk
=ACF  \\$aPrevious copyright fee: GBP27.00$c2\0$e01-jan-2012$fGBP27.00$g0$hP$5Uk
=ACF  \\$aPrevious copyright fee: GBP27.50$c2\0$e01-jan-2013$fGBP27.50$g0$hP$5Uk
=ACF  \\$aPrevious copyright fee: GBP28.00$c2\0$e01-jan-2014$fGBP28.00$g0$hP$5Uk
=ACF  \\$aPrevious copyright fee: GBP30.00$c2\0$e01-jan-2015$fGBP30.00$g0$hP$5Uk
=ACF  \\$aPrevious copyright fee: GBP34.00$c2\0$e01-jan-2016$fGBP34.00$g0$hP$5Uk
=ACF  \\$aPrevious copyright fee: GBP31.00$c2\0$e01-apr-2016$fGBP31.00$g0$hP$5Uk
=ACF  \\$aPrevious copyright fee: GBP33.00$c2\0$e01-jan-2017$fGBP33.00$g0$hP$5Uk
=ACF  \\$aPrevious copyright fee: GBP35.00$c2\0$e01-jan-2018$fGBP35.00$g0$hP$5Uk
=ACF  \\$aPrevious copyright fee: GBP37.00$c2\0$e01-jan-2019$fGBP37.00$g0$hP$5Uk
=ACF  \\$aPrevious copyright fee: GBP39.00$c2\0$e01-jan-2020$fGBP39.00$g0$hP$5Uk
=CAT  \\$aCONV$b00$c20040425$lBLL90$h0704
=CAT  \\$aWR13.005$c20130323$lBLL01$h1351
=CAT  \\$aBATCH-UPD$b00$c20131119$lBLL01$h1950
=CAT  \\$aIPL-CLA$c20131231$lBLL01$h2037
=CAT  \\$aBATCH-UPD$b00$c20141124$lBLL01$h1752
=CAT  \\$aBLDSS-3PM$b00$c20141130$lBLL01$h1246
=CAT  \\$aIPL-CLA$c20141231$lBLL01$h1644
=CAT  \\$aBATCH-UPD$b00$c20151119$lBLL01$h1533
=CAT  \\$aIPL-CLA$c20151231$lBLL01$h1911
=CAT  \\$a5110$b40$c20160201$lBLL01$h1411
=CAT  \\$a5552$b40$c20160302$lBLL01$h1151
=CAT  \\$aIPL-CLA$c20160331$lBLL01$h1708
=CAT  \\$aBATCH-UPD$b00$c20160413$lBLL01$h1807
=CAT  \\$aBATCH-UPD$b00$c20161122$lBLL01$h1504
=CAT  \\$aBATCH-UPD$b00$c20161122$lBLL01$h1529
=CAT  \\$aIPL-CLA$c20161230$lBLL01$h1919
=CAT  \\$aBATCH-UPD$b00$c20171121$lBLL01$h1654
=CAT  \\$aIPL-CLA$c20171231$lBLL01$h1451
=CAT  \\$aBATCH-UPD$b00$c20181217$lBLL01$h1643
=CAT  \\$aIPL-CLA$c20181231$lBLL01$h1535
=CAT  \\$aBATCH-UPD$b00$c20191122$lBLL01$h1905
=CAT  \\$aIPL-CLA$c20191231$lBLL01$h1809
=CAT  \\$aBATCH-UPD$b00$c20201118$lBLL01$h1340
=CAT  \\$aIPL-CLA$c20201231$lBLL01$h1522
=CAT  \\$aBATCH-UPD$b00$c20221121$lBLL01$h1338
=CAT  \\$aIPL-CLA$c20221231$lBLL01$h1437
=CFI  0\$aCurrent copyright fee: GBP43.00$c2\0$e01-jan-2023$fGBP43.00$g0$hP$5Uk
=CFI  2\$aPrevious copyright fee: GBP41.00$c2\0$e01-jan-2021$fGBP41.00$g0$hP$5Uk
=EST  \\$a2
=FFP  \\$aY$bBLDSS-3PM
=FIN  \\$aY
=FMT  \\$a  SE
=LAS  \\$aIPL-CLA$b00$c20221231$lBLL01$h1437
=LEO  \\$aMP13.0000827357
=LEO  \\$aMP10.0000285612
=LKR  \\$aPAR$b014408477$lBLL01$r776$mInformation systems management.$nInformation systems management (Online)
=LKR  \\$aPAR$b011234621$lBLL01$r78000$mInformation systems management.$nJournal of information systems management.
=SRC  \\$aHSS01$bbibmp13.200404.2.ab
=SRC  \\$aDSS01$bbibmp10.200404.2.aa
=TCO  \\$aTRS$bCCC$c008
=TOC  \\$aETOC

