=LDR  04672 as a2201177ua 4500
=001  010478103
=003  Uk
=005  20191231182603.0
=006  aab\\|||||||||||||
=007  ta
=008  040409d1992201uat\qr\p\\\\\\\0\\\a0eng\\
=019  1\$abld0024679
=019  c\$a2459607
=019  0\$as604333005
=022  0\$a1038-4871
=040  \\$aUk$cUk$dUk
=082  04$a551.136$221
=084  \\$aNX 010$2blsrissc
=084  \\$aNX 059(J)$2blsrissc
=222  \0$aIsland arc (Print)
=245  04$aThe island arc.
=260  \\$aCarlton, Vic. :$bBlackwell Scientific,$c1992-
=300  \\$av. :$bill. (some col.), maps ;$c28 cm.
=310  \\$aQuarterly
=336  \\$atext$2rdacontent
=337  \\$aunmediated$2rdamedia
=338  \\$avolume$2rdacarrier
=362  0\$a[Vol.1, no.1 (Aug. 1992)]-
=362  1\$aCeased in 2012?
=500  \\$aSome issues have also distinctive titles and are called also Special issue.
=510  0\$aChemical abstracts$x0009-2258
=515  \\$aSome issues published in combined form.
=530  \\$aAlso available online.
=540  \\$aCurrent Copyright Fee: GBP32.00$c35\0$5Uk
=550  \\$aOfficial journal of the Geological Society of Japan, Aug. 1992- ; in association with the Japan Association for Quaternary Research et al., <Mar./June 1998->
=650  \0$aPlate tectonics$vPeriodicals.
=650  \0$aIsland arcs$vPeriodicals.
=650  \0$aGeodynamics$vPeriodicals.
=710  2\$aNihon Chishitsu Gakkai.
=710  2\$aNihon Daiyonki Gakkai.
=776  1\$tIsland arc (Online)$x1440-1738
=852  41$aBritish Library$bDSC$j4583.097700$3Vol. 1, issue 1 (1992)-v. 16, issue 4 (2007)***UKRR Retained Title***Stock Incomplete
=852  71$aBritish Library$bSTI$k(P)$hNX 010$m-E(5)$2blsrissc$3Vol. 3 (1994)-v. 19, no. 4 (2010)
=852  41$aBritish Library$bHMNTS$jZC.9.a.5859$3[Vol. 1, no.1 (1992)]-v. 21, issue 4 (2012)***Title now taken as electronic copy
=852  41$aBritish Library$bHMNTS
=856  \\$31850-9999$uhttp://onlinelibrary.wiley.com/$xBLDSS
=945  \\$aIsland arc.
=957  \\$a940926p
=959  \\$fHeld but not currently received
=963  \\$aCA/U77 VOL. 1, 1992- *A=1$bN
=985  \\$aRecord merged by DQ team
=A02  \\$a2459607
=ACF  \\$aCurrent copyright fee: GBP13.00$c10\0$e01-apr-2003$fGBP13.00$g0$hP$5Uk
=ACF  \\$aCurrent copyright fee: GBP13.00$c10\3$e01-jan-2002$fGBP13.00$g0$hP$5Uk
=ACF  \\$aPrevious copyright fee: GBP15.00$c10\0$e01-apr-2004$fGBP15.00$g0$hP$5Uk
=ACF  \\$aPrevious copyright fee: GBP22.00$c10\0$e01-jan-2006$fGBP22.00$g0$hP$5Uk
=ACF  \\$aPrevious copyright fee: GBP24.00$c10\0$e01-mar-2015$fGBP24.00$g0$hP$5Uk
=ACF  \\$aPrevious copyright fee: GBP24.00$c35\0$e07-mar-2017$fGBP24.00$g0$hP$5Uk
=CAT  \\$aCONV$b00$c20040425$lBLL90$h0705
=CAT  \\$c20051230$lBLL01$h2252
=CAT  \\$a8456$b40$c20060404$lBLL01$h1535
=CAT  \\$a8456$b40$c20060404$lBLL01$h1538
=CAT  \\$aBATCH-UPD$b40$c20060901$lBLL01$h0944
=CAT  \\$aBATCH-UPD$b40$c20060901$lBLL01$h1023
=CAT  \\$a8464$b40$c20061025$lBLL01$h0945
=CAT  \\$a6550$b40$c20080728$lBLL01$h1040
=CAT  \\$aBATCH-CLA$b00$c20121105$lBLL01$h1744
=CAT  \\$aWR12_168$c20121206$lBLL01$h1812
=CAT  \\$aWR13.005$c20130322$lBLL01$h2004
=CAT  \\$a8874$b40$c20130524$lBLL01$h1113
=CAT  \\$a7778$b40$c20131028$lBLL01$h1348
=CAT  \\$aBLDSS-3PM$b00$c20141214$lBLL01$h1520
=CAT  \\$aBATCH-UPD$b00$c20150215$lBLL01$h1621
=CAT  \\$aIPL-CLA$c20150228$lBLL01$h2044
=CAT  \\$aBATCH-UPD$b00$c20170211$lBLL01$h1740
=CAT  \\$aW1703-0316$c20170306$lBLL01$h1822
=CAT  \\$aW1703-0316$c20170307$lBLL01$h1646
=CAT  \\$aIPL-CLA$c20170307$lBLL01$h1823
=CAT  \\$aBATCH-UPD$b00$c20180219$lBLL01$h1742
=CAT  \\$aBATCH-UPD$b00$c20181121$lBLL01$h1619
=CAT  \\$aIPL-CLA$c20181231$lBLL01$h1536
=CAT  \\$aR1911-0245$c20191127$lBLL01$h0822
=CAT  \\$aR1911-0245$c20191127$lBLL01$h1044
=CAT  \\$aIPL-CLA$c20191231$lBLL01$h1826
=CFI  0\$aCurrent Copyright Fee: GBP32.00$c35\0$e01-jan-2020$fGBP32.00$g0$hP$5Uk
=CFI  2\$aPrevious copyright fee: GBP28.00$c35\0$e01-jan-2019$fGBP28.00$g0$hP$5Uk
=EST  \\$a2
=FFP  \\$aY$bBLDSS-3PM
=FIN  \\$aY
=FMT  \\$a  SE
=LAS  \\$aIPL-CLA$b00$c20191231$lBLL01$h1826
=LEO  \\$aMP13.0000161086
=LEO  \\$aMP25.0000295375
=LEO  \\$aMP10.0000304468
=SRC  \\$aHSS01$bbibmp13.200404.2.aa
=SRC  \\$aSRI01$bbibmp25.200404.2.aa
=SRC  \\$aDSS02$bbibh.200404.2.aa
=SRC  \\$aDSS01$bbibmp10.200404.2.aa
=TCO  \\$aAUS$bCAL$c008
=TOC  \\$aETOC
=UNO  \\$aY

