=LDR  04846cas a2201093 a 4500
=001  010483170
=003  Uk
=005  20221231143940.0
=007  ta
=008  040409c19999999sz\qr\p\\\\\\\0\\\a0eng\\
=019  c\$a3016103
=022  0\$a1424-1277
=040  \\$aUk$cUk$dUk
=042  \\$aukblsr
=082  04$a302.23068$222
=222  \0$aJMM$b(Sankt Gallen. Printed ed.)
=245  00$aJMM.
=246  3\$aJournal on media management
=246  13$aInternational journal on media management
=260  \\$aSt. Gallen, Switz. :$bInstitute for Media and Communications Management
=300  \\$av. :$bill. ;$c28 cm.
=310  \\$aQuarterly
=336  \\$atext$2rdacontent
=337  \\$aunmediated$2rdamedia
=338  \\$avolume$2rdacarrier
=540  \\$aCurrent copyright fee: GBP37.00$c2\0$5Uk
=650  \0$aMass media$xManagement$vPeriodicals.
=650  \0$aMass media$vPeriodicals.
=650  \0$aMass media and technology$vPeriodicals.
=776  0\$tJMM (Online)$x1424-1250
=852  41$aBritish Library$bDSC$j4669.448500$3Vol. 4, no. 4 (2002)-v. 10, no. 4 (2008)
=852  41$aBritish Library$bHMNTS
=856  \\$31850-9999$uhttp://www.tandfonline.com/$xBLDSS
=945  \\$aJMM -Lawrence Erlbaum then Taylor & Francis-
=959  \\$fHeld but not currently received
=A02  \\$a3016103
=ACF  \\$aPrevious copyright fee: GBP17.00$c2\0$e03-jun-2010$fGBP17.00$g0$hP$5Uk
=ACF  \\$aCurrent copyright fee: GBP17.00$c30\0$e01-jan-2010$fGBP17.00$g0$hP$5Uk
=ACF  \\$aPrevious copyright fee: GBP16.00$c30\0$e01-jan-2009$fGBP16.00$g0$hP$5Uk
=ACF  \\$aPrevious Copyright Fee: GBP15.00$c30\0$e01-jan-2008$fGBP15.00$g0$hP$5Uk
=ACF  \\$aPrevious copyright fee: GBP12.00$c30\0$e01-jul-2007$fGBP12.00$g0$hP$5Uk
=ACF  \\$aPrevious copyright fee: GBP12.30$c30\0$e01-apr-2007$fGBP12.30$g0$hP$5Uk
=ACF  \\$aPrevious copyright fee: GBP12.97$c30\0$e01-oct-2006$fGBP12.97$g0$hP$5Uk
=ACF  \\$aPrevious copyright fee: GBP13.72$c30\0$e01-apr-2006$fGBP13.72$g0$hP$5Uk
=ACF  \\$aPrevious copyright fee: GBP13.33$c30\0$e21-apr-2005$fGBP13.33$g0$hP$5Uk
=ACF  \\$aCurrent copyright fee: GBP5.00$c0$e04-jun-2003$fGBP5.00$g0$hA$5Uk
=ACF  \\$aPrevious copyright fee: GBP21.00$c2\0$e01-jan-2011$fGBP21.00$g0$hP$5Uk
=ACF  \\$aPrevious copyright fee: GBP23.00$c2\0$e01-jan-2012$fGBP23.00$g0$hP$5Uk
=ACF  \\$aPrevious copyright fee: GBP23.50$c2\0$e01-jan-2013$fGBP23.50$g0$hP$5Uk
=ACF  \\$aPrevious copyright fee: GBP24.00$c2\0$e01-jan-2014$fGBP24.00$g0$hP$5Uk
=ACF  \\$aPrevious copyright fee: GBP25.00$c2\0$e01-jan-2015$fGBP25.00$g0$hP$5Uk
=ACF  \\$aPrevious copyright fee: GBP26.00$c2\0$e01-jan-2016$fGBP26.00$g0$hP$5Uk
=ACF  \\$aPrevious copyright fee: GBP28.00$c2\0$e01-jan-2017$fGBP28.00$g0$hP$5Uk
=ACF  \\$aPrevious copyright fee: GBP30.00$c2\0$e01-jan-2018$fGBP30.00$g0$hP$5Uk
=ACF  \\$aPrevious copyright fee: GBP32.00$c2\0$e01-jan-2019$fGBP32.00$g0$hP$5Uk
=ACF  \\$aPrevious copyright fee: GBP34.00$c2\0$e01-jan-2020$fGBP34.00$g0$hP$5Uk
=CAT  \\$aCONV$b00$c20040425$lBLL90$h0705
=CAT  \\$aWR12_168$c20121206$lBLL01$h1812
=CAT  \\$aIPL-CLA$c20121231$lBLL01$h1257
=CAT  \\$aIPL-CLA$c20130102$lBLL01$h1706
=CAT  \\$aBATCH-UPD$b00$c20131119$lBLL01$h1958
=CAT  \\$aIPL-CLA$c20131231$lBLL01$h2119
=CAT  \\$aBATCH-UPD$b00$c20141124$lBLL01$h1801
=CAT  \\$aBLDSS-3PM$b00$c20141130$lBLL01$h1246
=CAT  \\$aIPL-CLA$c20141231$lBLL01$h1646
=CAT  \\$aBATCH-UPD$b00$c20151119$lBLL01$h1541
=CAT  \\$aIPL-CLA$c20151231$lBLL01$h1913
=CAT  \\$a8124$b40$c20160119$lBLL01$h0947
=CAT  \\$aBATCH-UPD$b40$c20160413$lBLL01$h1810
=CAT  \\$aBATCH-UPD$b40$c20161122$lBLL01$h1511
=CAT  \\$aBATCH-UPD$b40$c20161122$lBLL01$h1603
=CAT  \\$aIPL-CLA$c20161230$lBLL01$h1942
=CAT  \\$aBATCH-UPD$b00$c20171121$lBLL01$h1645
=CAT  \\$aIPL-CLA$c20171231$lBLL01$h1512
=CAT  \\$aBATCH-UPD$b00$c20181217$lBLL01$h1636
=CAT  \\$aIPL-CLA$c20181231$lBLL01$h1536
=CAT  \\$aBATCH-UPD$b00$c20191122$lBLL01$h1859
=CAT  \\$aIPL-CLA$c20191231$lBLL01$h1827
=CAT  \\$aBATCH-UPD$b00$c20201118$lBLL01$h1332
=CAT  \\$aIPL-CLA$c20201231$lBLL01$h1524
=CAT  \\$aBATCH-UPD$b00$c20221121$lBLL01$h1345
=CAT  \\$aIPL-CLA$c20221231$lBLL01$h1439
=CFI  0\$aCurrent copyright fee: GBP37.00$c2\0$e01-jan-2023$fGBP37.00$g0$hP$5Uk
=CFI  2\$aPrevious copyright fee: GBP35.00$c2\0$e01-jan-2021$fGBP35.00$g0$hP$5Uk
=EST  \\$a2
=FFP  \\$aY$bBLDSS-3PM
=FIN  \\$aY
=FMT  \\$a  SE
=LAS  \\$aIPL-CLA$b00$c20221231$lBLL01$h1439
=LEO  \\$aMP10.0000311793
=LET  \0$aJMM: International journal on media management (Print)
=SRC  \\$aDSS01$bbibmp10.200404.2.aa
=TCO  \\$aCHE$bPRO LITTERIS$c008
=TOC  \\$aETOC

