=LDR  05226cas a2201177 a 4500
=001  010490038
=003  Uk
=005  20221231144006.0
=007  ta
=008  990825c19989999ja\mr\p\\\\\\\0\\\a0eng\\
=019  c\$a2566280
=019  0\$as650281004
=022  \\$a1434-5161
=040  \\$aUk$beng$cUk$dUk
=042  \\$aukblsr
=082  04$a599.935$222
=084  \\$aGH 9$2blsrissc
=210  0\$aJ. hum. genet.$b(Print)
=222  \0$aJournal of human genetics$b(Print)
=245  00$aJournal of human genetics.
=260  \\$aTokyo :$bSpringer,$c1998-
=260  2\$aTokyo :$bSpringer Japan
=260  2\$32009-$aAvenel, NJ :$bNature Publishing Group
=264  31$aTokyo, Japan :$bSpringer Nature
=300  \\$av. :$bill. ;$c26-28 cm.
=310  \\$aMonthly
=336  \\$atext$2rdacontent
=337  \\$aunmediated$2rdamedia
=338  \\$avolume$2rdacarrier
=362  0\$aVol. 43, no. 1 (1998)-
=500  \\$a"Official journal of The Japan Society of Human Genetics".
=500  \\$aDescription based on: Vol. 44, no.1 (1999).
=530  \\$aAlso available electronically.
=540  \\$aCurrent copyright fee: GBP34.95$c16\0$5Uk
=588  \\$aLatest issue consulted: volume 61, number 10 (October 2016).
=595  \\$aFormerly 4655.200000 change between Vol. 42, No. 3 (1997) and Vol. 43, No. 1 (1998). See also card index.
=650  \0$aMedical genetics$vPeriodicals.
=650  \0$aHuman genetics$vPeriodicals.
=710  2\$aNihon Jinrui Iden Gakkai.
=780  00$tJapanese journal of human genetics$x0916-8478
=852  71$aBritish Library$bSTI$k(P)$hGH 9$m-E(19)$2blsrissc$3Vol. 44, no. 1 (1999)-vol. 52, no. 12 (2007); v. 55, no. 1 (2010)-v. 62, no. 12 (Dec. 2017)***Items prior to 2010 available for remote supply. Items 2010 onwards available for reading room only
=852  41$aBritish Library$bHMNTS
=852  41$aBritish Library$bDSC$j5003.415500$3Vol. 43, no. 1 (1998)-v. 64, no. 12 (2019)***UKRR Retained Title
=856  \\$31850-9999$uhttp://www.nature.com/$xBLDSS
=945  \\$aJournal of human genetics
=959  \\$fHeld but not currently received
=985  \\$aRecord merged by DQ team
=ACF  \\$aPrevious copyright fee: GBP21.25$c23\3$e01-jan-2009$fGBP21.25$g0$hP$5Uk
=ACF  \\$aPrevious copyright fee: GBP16.75$c23\3$e01-jan-2007$fGBP16.75$g0$hP$5Uk
=ACF  \\$aPrevious copyright fee: GBP16.22$c23\3$e01-oct-2006$fGBP16.22$g0$hP$5Uk
=ACF  \\$aPrevious copyright fee: GBP17.14$c23\3$e01-apr-2006$fGBP17.14$g0$hP$5Uk
=ACF  \\$aPrevious copyright fee: GBP16.67$c23\3$e01-jan-2006$fGBP16.67$g0$hP$5Uk
=ACF  \\$aPrevious copyright fee: GBP16.22$c23\3$e01-apr-2005$fGBP16.22$g0$hP$5Uk
=ACF  \\$aPrevious copyright fee: GBP16.67$c23\3$e01-jan-2005$fGBP16.67$g0$hP$5Uk
=ACF  \\$aPrevious copyright fee: GBP18.92$c23\3$e01-apr-2004$fGBP18.92$g0$hP$5Uk
=ACF  \\$aCurrent copyright fee: GBP20.58$c23\3$e01-jan-2004$fGBP20.58$g0$hP$5Uk
=ACF  \\$aCurrent copyright fee: GBP20.00$c23\3$e01-jan-2003$fGBP20.00$g0$hP$5Uk
=ACF  \\$aPrevious copyright fee: GBP22.00$c23\3$e01-apr-2009$fGBP22.00$g0$hP$5Uk
=ACF  \\$aPrevious copyright fee: GBP22.00$c16\0$e24-mar-2011$fGBP22.00$g0$hP$5Uk
=CAT  \\$aCONV$b00$c20040425$lBLL90$h0705
=CAT  \\$aBATCH$b00$c20090101$lBLL01$h0156
=CAT  \\$aBATCH-UPD$b00$c20090319$lBLL01$h1038
=CAT  \\$aBATCH-UPD$b00$c20090331$lBLL01$h2242
=CAT  \\$aBATCH-UPD$b00$c20090401$lBLL01$h0016
=CAT  \\$aBATCH$b00$c20090401$lBLL01$h0144
=CAT  \\$a10969$b40$c20100201$lBLL01$h1228
=CAT  \\$a8874$b40$c20100219$lBLL01$h1321
=CAT  \\$a8874$b40$c20100219$lBLL01$h1326
=CAT  \\$a5997$b40$c20101007$lBLL01$h0858
=CAT  \\$a5552$b40$c20110324$lBLL01$h1334
=CAT  \\$a5997$b40$c20110727$lBLL01$h1534
=CAT  \\$a8323$b40$c20110907$lBLL01$h1558
=CAT  \\$a8323$b40$c20110907$lBLL01$h1604
=CAT  \\$aBATCH-CLA$b00$c20121105$lBLL01$h1742
=CAT  \\$a5552$b40$c20131016$lBLL01$h0900
=CAT  \\$a5552$b40$c20141210$lBLL01$h0937
=CAT  \\$aBLDSS-3PM$b00$c20150111$lBLL01$h1520
=CAT  \\$aBATCH-UPD$b00$c20160413$lBLL01$h1810
=CAT  \\$aBATCH-UPD$b00$c20160608$lBLL01$h1332
=CAT  \\$a10973$b40$c20161123$lBLL01$h1416
=CAT  \\$aBATCH-UPD$b40$c20171121$lBLL01$h1636
=CAT  \\$aIPL-CLA$c20171231$lBLL01$h1514
=CAT  \\$a11385$b40$c20210806$lBLL01$h1252
=CAT  \\$aBATCH-UPD$b40$c20221121$lBLL01$h1330
=CAT  \\$aIPL-CLA$c20221231$lBLL01$h1440
=CFI  0\$aCurrent copyright fee: GBP34.95$c16\0$e01-jan-2023$fGBP34.95$g0$hP$5Uk
=CFI  2\$aPrevious copyright fee: GBP24.00$c16\0$e01-jan-2018$fGBP24.00$g0$hP$5Uk
=EST  \\$a2
=FFP  \\$aY$bBLDSS-3PM
=FIN  \\$aY
=FMT  \\$a  SE
=LAS  \\$aIPL-CLA$b00$c20221231$lBLL01$h1440
=LEO  \\$aMP25.0000332798
=LEO  \\$aMP10.0000322325
=LKR  \\$aPAR$b013089722$lBLL01$nJournal of human genetics (Online)$mJournal of human genetics (Print)$r776
=LKR  \\$aPAR$b010481917$lBLL01$r78000$mJournal of human genetics$nJapanese journal of human genetics
=SRC  \\$aSRI01$bbibmp25.200404.2.aa
=SRC  \\$aDSS01$bbibmp10.200404.2.aa
=TCO  \\$aTRS$bCCC$c008
=TOC  \\$aETOC
=UNO  \\$aY

