=LDR  06210cas a2201285 a 4500
=001  010507813
=003  Uk
=005  20220930142514.0
=007  ta
=008  040410c19999999nyuqr\p\\\\\\\0\\\a0eng\\
=019  c\$a2559992
=022  0\$a1096-2964
=040  \\$aUk$cUk$dUk
=082  04$a617.9101$222
=210  0\$aSurg. infect.
=222  \0$aSurgical infections
=245  00$aSurgical infections.
=260  \\$aLarchmont, NY :$bMary Ann Liebert,$cc1999-
=300  \\$av. :$bill.
=310  \\$aQuarterly
=336  \\$atext$2rdacontent
=337  \\$aunmediated$2rdamedia
=338  \\$avolume$2rdacarrier
=540  \\$aCurrent copyright fee: GBP42.50$c18\0$5Uk
=650  \0$aSurgical wound infections$vPeriodicals.
=852  71$aBritish Library$bSTI
=852  41$aBritish Library$bDSC$j8548.227000$3Vol. 1 (2000)-v. 11, no. 6 (2010)
=856  \\$31850-9999$uhttp://www.liebertpub.com/$xBLDSS
=945  \\$aSURGICAL INFECTIONS.
=959  \\$fHeld but not currently received
=985  \\$aCorrected by MS generated file for WR# 12.018
=985  \\$aRecord merged by SUNCAT team
=A02  \\$a2559992
=ACF  \\$aPrevious copyright fee: GBP31.88$c18\0$e01-jul-2011$fGBP31.88$g0$hP$5Uk
=ACF  \\$aPrevious copyright fee: GBP32.90$c18\0$e01-jan-2011$fGBP32.90$g0$hP$5Uk
=ACF  \\$aPrevious copyright fee: GBP31.61$c18\0$e01-jul-2010$fGBP31.61$g0$hP$5Uk
=ACF  \\$aPrevious copyright fee: GBP29.70$c18\0$e01-apr-2010$fGBP29.70$g0$hP$5Uk
=ACF  \\$aPrevious copyright fee: GBP26.67$c18\0$e01-oct-2009$fGBP26.67$g0$hP$5Uk
=ACF  \\$aPrevious copyright fee: GBP31.43$c18\0$e01-apr-2009$fGBP31.43$g0$hP$5Uk
=ACF  \\$aPrevious copyright fee: GBP27.50$c18\0$e01-jan-2009$fGBP27.50$g0$hP$5Uk
=ACF  \\$aPrevious copyright fee: GBP22.00$c18\0$e10-jul-2007$fGBP22.00$g0$hP$5Uk
=ACF  \\$aCurrent Copyright Fee: GBP21.00$c0$e01-jul-2007$fGBP21.00$g0$hC$5Uk
=ACF  \\$aPrevious Copyright Fee: GBP21.54$c0$e01-apr-2007$fGBP21.54$g0$hC$5Uk
=ACF  \\$aPrevious Copyright Fee: GBP22.70$c0$e01-jan-2007$fGBP22.70$g0$hC$5Uk
=ACF  \\$aPrevious Copyright Fee: GBP22.70$c0$e01-oct-2006$fGBP22.70$g0$hC$5Uk
=ACF  \\$aPrevious Copyright Fee: GBP24.00$c0$e01-jul-2006$fGBP24.00$g0$hC$5Uk
=ACF  \\$aPrevious Copyright Fee: GBP24.00$c0$e01-apr-2006$fGBP24.00$g0$hC$5Uk
=ACF  \\$aPrevious Copyright Fee: GBP23.33$c0$e01-jan-2006$fGBP23.33$g0$hC$5Uk
=ACF  \\$aPrevious Copyright Fee: GBP22.70$c0$e01-apr-2005$fGBP22.70$g0$hC$5Uk
=ACF  \\$aPrevious Copyright Fee: GBP23.33$c0$e01-jan-2005$fGBP23.33$g0$hC$5Uk
=ACF  \\$aPrevious Copyright Fee: GBP22.70$c0$e01-oct-2004$fGBP22.70$g0$hC$5Uk
=ACF  \\$aPrevious copyright fee: GBP32.90$c18\0$e01-jan-2012$fGBP32.90$g0$hP$5Uk
=ACF  \\$aPrevious copyright fee: GBP30.91$c18\0$e01-jul-2012$fGBP30.91$g0$hP$5Uk
=ACF  \\$aPrevious copyright fee: GBP31.88$c18\0$e01-jan-2013$fGBP31.88$g0$hP$5Uk
=ACF  \\$aPrevious copyright fee: GBP32.90$c18\0$e01-jul-2013$fGBP32.90$g0$hP$5Uk
=ACF  \\$aPrevious copyright fee: GBP31.88$c18\0$e01-jan-2014$fGBP31.88$g0$hP$5Uk
=ACF  \\$aPrevious copyright fee: GBP30.91$c18\0$e01-jul-2014$fGBP30.91$g0$hP$5Uk
=ACF  \\$aPrevious copyright fee: GBP32.90$c18\0$e01-apr-2015$fGBP32.90$g0$hP$5Uk
=ACF  \\$aPrevious copyright fee: GBP34.00$c18\0$e01-jul-2015$fGBP34.00$g0$hP$5Uk
=ACF  \\$aPrevious copyright fee: GBP32.90$c18\0$e01-oct-2015$fGBP32.90$g0$hP$5Uk
=ACF  \\$aPrevious copyright fee: GBP35.17$c18\0$e01-apr-2016$fGBP35.17$g0$hP$5Uk
=ACF  \\$aPrevious copyright fee: GBP37.78$c18\0$e01-oct-2016$fGBP37.78$g0$hP$5Uk
=ACF  \\$aPrevious copyright fee: GBP40.80$c18\0$e01-apr-2017$fGBP40.80$g0$hP$5Uk
=ACF  \\$aPrevious copyright fee: GBP39.23$c18\0$e01-oct-2017$fGBP39.23$g0$hP$5Uk
=ACF  \\$aPrevious copyright fee: GBP36.43$c18\0$e01-apr-2018$fGBP36.43$g0$hP$5Uk
=ACF  \\$aPrevious copyright fee: GBP39.23$c18\0$e01-oct-2018$fGBP39.23$g0$hP$5Uk
=ACF  \\$aPrevious copyright fee: GBP40.80$c18\0$e01-oct-2019$fGBP40.80$g0$hP$5Uk
=ACF  \\$aPrevious copyright fee: GBP39.23$c18\0$e01-apr-2020$fGBP39.23$g0$hP$5Uk
=ACF  \\$aPrevious copyright fee: GBP40.80$c18\0$e01-jul-2020$fGBP40.80$g0$hP$5Uk
=ACF  \\$aPrevious copyright fee: GBP37.78$c18\0$e01-apr-2021$fGBP37.78$g0$hP$5Uk
=ACF  \\$aPrevious copyright fee: GBP36.43$c18\0$e07-jul-2021$fGBP36.43$g0$hP$5Uk
=CAT  \\$aCONV$b00$c20040425$lBLL90$h0711
=CAT  \\$aBATCH-UPD$b00$c20160524$lBLL01$h2239
=CAT  \\$aBATCH-UPD$b00$c20160824$lBLL01$h1731
=CAT  \\$aIPL-CLA$c20160930$lBLL01$h1553
=CAT  \\$aBATCH-UPD$b00$c20170216$lBLL01$h1818
=CAT  \\$aIPL-CLA$c20170331$lBLL01$h1836
=CAT  \\$aBATCH-UPD$b00$c20170904$lBLL01$h1823
=CAT  \\$aIPL-CLA$c20170929$lBLL01$h1719
=CAT  \\$aBATCH-UPD$b00$c20180223$lBLL01$h1638
=CAT  \\$aIPL-CLA$c20180331$lBLL01$h1608
=CAT  \\$aBATCH-UPD$b00$c20180823$lBLL01$h1923
=CAT  \\$aIPL-CLA$c20180930$lBLL01$h1457
=CAT  \\$aBATCH-UPD$b00$c20190829$lBLL01$h1509
=CAT  \\$aIPL-CLA$c20190930$lBLL01$h1632
=CAT  \\$aBATCH-UPD$b00$c20200219$lBLL01$h1453
=CAT  \\$aIPL-CLA$c20200331$lBLL01$h1609
=CAT  \\$aBATCH-UPD$b00$c20200522$lBLL01$h1441
=CAT  \\$aIPL-CLA$c20200701$lBLL01$h0050
=CAT  \\$aBATCH-UPD$b00$c20210226$lBLL01$h1022
=CAT  \\$aIPL-CLA$c20210331$lBLL01$h1658
=CAT  \\$aBATCH-UPD$b00$c20210707$lBLL01$h1546
=CAT  \\$aIPL-CLA$c20210707$lBLL01$h1842
=CAT  \\$aBATCH-UPD$b00$c20220520$lBLL01$h1622
=CAT  \\$aIPL-CLA$c20220630$lBLL01$h1535
=CAT  \\$aBATCH-UPD$b00$c20220824$lBLL01$h0850
=CAT  \\$aIPL-CLA$c20220930$lBLL01$h1425
=CFI  0\$aCurrent copyright fee: GBP42.50$c18\0$e01-oct-2022$fGBP42.50$g0$hP$5Uk
=CFI  2\$aPrevious copyright fee: GBP40.80$c18\0$e01-jul-2022$fGBP40.80$g0$hP$5Uk
=EST  \\$a2
=FFP  \\$aY$bBLDSS-3PM
=FIN  \\$aY
=FMT  \\$a  SE
=LAS  \\$aIPL-CLA$b00$c20220930$lBLL01$h1425
=LEO  \\$aMP10.0000560971
=SRC  \\$aDSS03$bbibsr.200404.2.aa
=SRC  \\$aDSS01$bbibmp10.200404.2.aa
=TCO  \\$aTRS$bCCC$c008
=TOC  \\$aETOC
=UNO  \\$aY

