=LDR  05200cas a2201297 i 4500
=001  008528161
=003  Uk
=005  20230426110707.0
=006  aa\\\|||||||||||||
=007  ta
=008  010905c20019999enkbx\p\\\\\\\0\\\a0eng\\
=015  \\$aGBA151419$2bnb
=019  c\$a2598827
=019  y\$abA151419
=019  9\$abA151419
=019  0\$as67053000x
=019  0\$as693903007
=022  0\$a1567-1356$202
=039  0\$a2658
=040  \\$aUk$beng$cUk$dUk$erda
=042  \\$aissnuk
=082  04$a579.562$223
=084  \\$aDA 74$2blsrissc
=222  \0$aFEMS yeast research
=245  00$aFEMS yeast research.
=246  30$aYeast research
=246  3\$aFederation of European Microbiological Societies yeast research
=260  \\$aAmsterdam ;$aLondon :$bElsevier Science,$c2001-
=264  21$aOxford :$bBlackwell Publishing Ltd
=264  31$a[Oxford] :$b[Oxford University Press]
=300  \\$avolumes :$billustrations (colour) ;$c28 cm
=310  \\$aBimonthly,$b<Oct. 2003-
=321  \\$aQuarterly
=336  \\$atext$2rdacontent
=337  \\$aunmediated$2rdamedia
=338  \\$avolume$2rdacarrier
=362  0\$aVol. 1/1 (Apr. 2001)-
=500  \\$aPublished: Oxford : Blackwell, <2006->.
=500  \\$aLatest issue consulted: Vol. 6, no. 4 (June 2006).
=530  \\$aAlso available online at: http://www.fems-microbiology.org.
=540  \\$aCurrent Copyright Fee: GBP42.00$c29\0$5Uk
=595  \\$aSEE ALSO CARD INDEX.
=650  \0$aYeast$vPeriodicals.
=650  \0$aYeast fungi$vPeriodicals.
=710  2\$aFederation of European Microbiological Societies.
=776  08$iAlso issued online as:$tFEMS yeast research$x1567-1364
=852  41$aBritish Library$bSTI
=852  41$aBritish Library$bDSC$j3905.325000$3Vol. 1, issue 1 (2001)-v. 9, issue 8 (2009)***UKRR Retained Title
=852  41$aBritish Library$bHMNTS$jDZK.9.x.677$3Vol. 1, no. 1 (2001)-v. 13, no. 3 (2013)***title now taken as electronic copy only
=856  \\$31850-9999$uhttp://onlinelibrary.wiley.com/$xBLDSS
=945  \\$aFEMS yeast research
=957  \\$a010730c
=957  \\$a040204p
=959  \\$fHeld but not currently received
=985  \\$aISSN responsibility taken by ISSN UK Centre from ISSN Netherlands, 26.04.2013.
=985  \\$aISSN RDA COMPLETION - TO BE CATALOGUED BY RDA TRAINED CATALOGUERS.
=A02  \\$a2598827
=ACF  \\$aCurrent copyright fee: GBP20.00$c5\1$e01-jan-2003$fGBP20.00$g0$hP$5Uk
=ACF  \\$aCurrent copyright fee: GBP15.00$c5\1$e01-jul-2002$fGBP15.00$g0$hP$5Uk
=ACF  \\$aPrevious copyright fee: GBP18.00$c5\1$e01-apr-2004$fGBP18.00$g0$hP$5Uk
=ACF  \\$aPrevious copyright fee: GBP22.00$c10\0$e01-jan-2006$fGBP22.00$g0$hP$5Uk
=ACF  \\$aPrevious copyright fee: GBP23.00$c29\0$e01-jan-2015$fGBP23.00$g0$hP$5Uk
=ACF  \\$aPrevious copyright fee: GBP24.00$c29\0$e01-jan-2016$fGBP24.00$g0$hP$5Uk
=ACF  \\$aPrevious copyright fee: GBP26.00$c29\0$e01-jan-2017$fGBP26.00$g0$hP$5Uk
=ACF  \\$aPrevious copyright fee: GBP27.00$c29\0$e01-jan-2018$fGBP27.00$g0$hP$5Uk
=ACF  \\$aPrevious copyright fee: GBP28.00$c29\0$e01-jan-2019$fGBP28.00$g0$hP$5Uk
=ACF  \\$aPrevious Copyright Fee: GBP29.00$c29\0$e01-jan-2020$fGBP29.00$g0$hP$5Uk
=CAT  \\$aCONV$b00$c20040425$lBLL90$h0703
=CAT  \\$aBLDSS-3PM$b00$c20141214$lBLL01$h1518
=CAT  \\$aIPL-CLA$c20141231$lBLL01$h1642
=CAT  \\$a5110$b40$c20150316$lBLL01$h1459
=CAT  \\$aBATCH-UPD$b40$c20151115$lBLL01$h0750
=CAT  \\$aBATCH-UPD$b40$c20151119$lBLL01$h1550
=CAT  \\$aIPL-CLA$c20151231$lBLL01$h1908
=CAT  \\$aBATCH-UPD$b00$c20160413$lBLL01$h1804
=CAT  \\$aBATCH-UPD$b00$c20160524$lBLL01$h2207
=CAT  \\$aBATCH-UPD$b00$c20160524$lBLL01$h2352
=CAT  \\$aBATCH-UPD$b00$c20161122$lBLL01$h1519
=CAT  \\$aIPL-CLA$c20161230$lBLL01$h1832
=CAT  \\$aBATCH-UPD$b00$c20171121$lBLL01$h1702
=CAT  \\$aIPL-CLA$c20171231$lBLL01$h1407
=CAT  \\$a11313$b40$c20180227$lBLL01$h0815
=CAT  \\$aBATCH-UPD$b40$c20181217$lBLL01$h1651
=CAT  \\$aIPL-CLA$c20181231$lBLL01$h1534
=CAT  \\$aR1911-1518$c20191206$lBLL01$h1405
=CAT  \\$aIPL-CLA$c20191231$lBLL01$h1735
=CAT  \\$aBATCH-UPD$b00$c20220308$lBLL01$h1726
=CAT  \\$aIPL-CLA$c20220331$lBLL01$h1950
=CAT  \\$aS2302-1302$c20230314$lBLL01$h1711
=CAT  \\$aS2302-1302$c20230323$lBLL01$h1442
=CAT  \\$aIPL-CLA$c20230331$lBLL01$h1545
=CAT  \\$aS2304-0519$c20230412$lBLL01$h1138
=CAT  \\$aBATCH-SUPP$c20230426$lBLL01$h1107
=CFI  0\$aCurrent Copyright Fee: GBP42.00$c29\0$e01-apr-2023$fGBP42.00$g0$hP$5Uk
=CFI  2\$aPrevious copyright fee: GBP32.00$c29\0$e01-apr-2022$fGBP32.00$g0$hP$5Uk
=EST  \\$a2
=FFP  \\$aY$bBLDSS-3PM
=FIN  \\$aY
=FMT  \\$a  SE
=LAS  \\$aBATCH-SUPP$b00$c20230426$lBLL01$h1107
=LEO  \\$aMP5.0001468289
=LEO  \\$aMP25.0000350402
=LEO  \\$aMP25.0000370563
=LEO  \\$aMP10.0000227757
=LET  \0$aFEMS yeast research (Print)
=SRC  \\$aBNB03$bbibmp5.200404.2.ac
=SRC  \\$aSRI01$bbibmp25.200404.2.aa
=SRC  \\$aDSS01$bbibmp10.200404.2.aa
=TCO  \\$aCLA$bCLA$c008
=TOC  \\$aETOC
=UNO  \\$aY

