=LDR  05001 as a2201177   4500
=001  008529858
=003  Uk
=005  20191231173528.0
=007  ta
=008  920403c19929999mauqx\p\\\\\\\0\\\a0eng\d
=010  \\$a93664311$zsn 92004377
=019  c\$a2455624
=022  0\$a0963-8008
=032  \\$a008478$bUSPS
=035  \\$a(OCoLC)ocm25587656
=040  \\$aNcD-B$cNcD-B$dNSDP$dMH$dNSDP$dNST$dMH$dMCM$dNSDP$dNST$dDLC$dInU$dDLC$dOCoLC$dMH$dMCM$dDLC$dUk
=042  \\$alc$ansdp
=050  00$aHG1$b.F468
=082  00$a332.105$220
=210  0\$aFinanc. mark. inst. instrum.
=222  \0$aFinancial markets, institutions & instruments
=245  00$aFinancial markets, institutions & instruments /$cNew York University Salomon Center.
=246  10$aFinancial markets, institutions, and instruments
=260  \\$aCambridge, MA :$bBlackwell Publishers,$cc1992-
=265  \\$aBlackwell Publishers, 238 Main St., Cambridge, MA 02142
=300  \\$av. ;$c23 cm.
=310  \\$aFive no. a year (Feb., May, Aug., Nov. & Dec.)
=336  \\$atext$2rdacontent
=337  \\$aunmediated$2rdamedia
=338  \\$avolume$2rdacarrier
=362  0\$aVol. 1, no. 1-
=500  \\$aTitle from cover.
=500  \\$aEach issue has also a distinctive title.
=530  \\$aAvailable also to subscribers online via the World Wide Web.
=540  \\$aCurrent Copyright Fee: GBP32.00$c35\0$5Uk
=595  \\$aFORMERLY 5917.535 UP TO 1991(4).
=650  \0$aFinancial services industry$vPeriodicals.
=650  \0$aSecurities industry$vPeriodicals.
=650  \0$aFinancial instruments$vPeriodicals.
=650  \0$aFinancial institutions$vPeriodicals.
=690  7\$aManagement and Business Studies$2blcoll
=710  2\$aNew York University.$bSalomon Center.
=776  1\$tFinancial markets, institutions & instruments (Online)
=780  00$tMonograph series in finance and economics$x0276-2021
=852  41$aBritish Library$bDSC$j3926.962550$3Vol. 1, no. 1 (1992)-v. 18, no. 5 (2009)***UKRR Retained Title***Stock Incomplete
=852  41$aBritish Library$bHMNTS
=856  \\$31850-9999$uhttp://onlinelibrary.wiley.com/$xBLDSS
=945  \\$aFinancial markets institutions and instruments.
=959  \\$fHeld but not currently received
=963  \\$aVOL. 1, 1992- *A=1$bN$cP222.C.81
=985  \\$aRecord merged by DQ team
=ACF  \\$aPrevious copyright fee: GBP16.00$c10\0$e01-jan-2006$fGBP16.00$g0$hP$5Uk
=ACF  \\$aPrevious copyright fee: GBP15.00$c10\0$e01-apr-2004$fGBP15.00$g0$hP$5Uk
=ACF  \\$aCurrent copyright fee: GBP13.00$c10\0$e01-apr-2003$fGBP13.00$g0$hP$5Uk
=ACF  \\$aCurrent copyright fee: GBP13.00$c10\6$e01-apr-2002$fGBP13.00$g0$hP$5Uk
=ACF  \\$aPrevious copyright fee: GBP17.00$c10\0$e01-jan-2009$fGBP17.00$g0$hP$5Uk
=ACF  \\$aPrevious copyright fee: GBP22.00$c10\0$e01-jan-2011$fGBP22.00$g0$hP$5Uk
=ACF  \\$aPrevious copyright fee: GBP24.00$c10\0$e01-mar-2015$fGBP24.00$g0$hP$5Uk
=ACF  \\$aPrevious copyright fee: GBP24.00$c35\0$e07-mar-2017$fGBP24.00$g0$hP$5Uk
=CAT  \\$aCONV$b00$c20040425$lBLL90$h0703
=CAT  \\$aBATCH-UPD$b40$c20090101$lBLL01$h0000
=CAT  \\$aBATCH$b00$c20090101$lBLL01$h0132
=CAT  \\$aBATCH$b00$c20090527$lBLL01$h1803
=CAT  \\$aCDS-UPD$b40$c20091208$lBLL01$h2209
=CAT  \\$aCDS-UPD$b40$c20091208$lBLL01$h2233
=CAT  \\$aBATCH-UPD$b40$c20101116$lBLL01$h1327
=CAT  \\$aIPL-CLA$c20101231$lBLL01$h1225
=CAT  \\$aBATCH-CLA$b00$c20121104$lBLL01$h1031
=CAT  \\$aWR12_168$c20121206$lBLL01$h1834
=CAT  \\$aWR13.005$c20130323$lBLL01$h1323
=CAT  \\$a5997$b40$c20130531$lBLL01$h1526
=CAT  \\$aBLDSS-3PM$b00$c20141214$lBLL01$h1518
=CAT  \\$aBATCH-UPD$b00$c20150215$lBLL01$h1619
=CAT  \\$aIPL-CLA$c20150228$lBLL01$h2042
=CAT  \\$aBATCH-UPD$b00$c20160413$lBLL01$h1804
=CAT  \\$aBATCH-UPD$b00$c20170302$lBLL01$h1727
=CAT  \\$aW1703-0316$c20170306$lBLL01$h1822
=CAT  \\$aW1703-0316$c20170307$lBLL01$h1645
=CAT  \\$aIPL-CLA$c20170307$lBLL01$h1823
=CAT  \\$aBATCH-UPD$b00$c20180219$lBLL01$h1740
=CAT  \\$aBATCH-UPD$b00$c20181121$lBLL01$h1618
=CAT  \\$aIPL-CLA$c20181231$lBLL01$h1534
=CAT  \\$aR1911-0245$c20191127$lBLL01$h0821
=CAT  \\$aR1911-0245$c20191127$lBLL01$h1044
=CAT  \\$aIPL-CLA$c20191231$lBLL01$h1735
=CFI  0\$aCurrent Copyright Fee: GBP32.00$c35\0$e01-jan-2020$fGBP32.00$g0$hP$5Uk
=CFI  2\$aPrevious copyright fee: GBP28.00$c35\0$e01-jan-2019$fGBP28.00$g0$hP$5Uk
=EST  \\$a2
=FFP  \\$aY$bBLDSS-3PM
=FIN  \\$aY
=FMT  \\$a  SE
=LAS  \\$aIPL-CLA$b00$c20191231$lBLL01$h1735
=LEO  \\$aMP10.0000230000
=LKR  \\$aPAR$b011769170$lBLL01$r78000$mFinancial markets, institutions & instruments$nMONOGRAPH SERIES IN FINANCE AND ECONOMICS.
=MIS  \\$ak-sep
=SID  \\$aZ39$bLOC
=SRC  \\$aDSS02$bbibh.200404.2.aa
=SRC  \\$aDSS01$bbibmp10.200404.2.aa
=TCO  \\$aTRS$bCCC$c008
=TOC  \\$aETOC
=UNO  \\$aY

