=LDR  04426cas a2201165 a 4500
=001  008631760
=003  Uk
=005  20131127100103.0
=007  ta
=008  771001c19459999enkbr\p\\\\\\\0\\\a0eng\\
=019  c\$a2093653
=019  2\$aiolv06685
=019  x\$a1971480088
=022  0\$a0022-0418$202
=030  \\$aJDOCAS
=040  \\$aUk$cUk$dUk
=042  \\$aissnuk
=050  \0$aZ1007$b.J9
=082  04$a025$222
=210  0\$aJ. doc.
=222  \0$aJournal of documentation
=245  00$aJournal of documentation.
=260  \\$aLondon :$bAslib,$c1945-
=260  3\$aBingley :$bEmerald
=300  \\$av. ;$c25 cm.
=310  \\$aBimonthly, 2000-
=321  \\$aFour no. a year,$b1945-1996
=321  \\$aFive no. a year,$b1997-1999
=336  \\$atext$2rdacontent
=337  \\$aunmediated$2rdamedia
=338  \\$avolume$2rdacarrier
=362  0\$aVol. 1, no. 1 (June 1945)-
=530  \\$aAlso issued on the World Wide Web.
=540  \\$aCurrent copyright fee: GBP30.00$c25\0$5Uk
=550  \\$aIssued 1945-47 by the Association of Special Libraries and Information Bureaux; <1980>- by: Aslib.
=595  \\$aSee also card index.
=650  \0$aDocumentation$vPeriodicals.
=650  \0$aLibrary science$vPeriodicals.
=710  2\$aAslib.
=776  1\$tJournal of documentation (Online)$x1758-7379
=852  41$aBritish Library$bHMNTS$jAc.9112/3.$3Vol. 1, no. 1 (June 1945)-v. 69, no. 6 (2013)***Title now taken as electronic copy
=852  41$aBritish Library$bSTI$3Vol. 40-Vol. 55, no 1
=852  41$aBritish Library$bOC$jST 1423$3Holdings: 29, no.3 (1973)-32, no.2 (1976)
=852  41$aBritish Library$bDSC$j4970.000000$3Vol. 1 (1945)-v. 70, no. 6 (2014)***UKRR Retained Title***Stock incomplete
=856  \\$31850-9999$uhttp://www.emeraldinsight.com/$xBLDSS
=945  \\$aJournal of documentation
=959  \\$fHeld but not currently received
=963  \\$aVOL. 1, 1945-$bY$cP876.C.31
=964  \\$aVOL. 1, 1945-$c02$eTL1774
=985  \\$aCorrected by MS generated file for WR# 12.018
=985  \\$aRecord merged by DQ team
=A02  \\$a2093653
=ACF  \\$aCurrent copyright fee: GBP10.00$c25\0$e17-apr-2002$fGBP10.00$g0$hP$5Uk
=ACF  \\$aCurrent copyright fee: GBP5.00$c0$e12-nov-1998$fGBP5.00$g0$hC$5Uk
=ACF  \\$aPrevious copyright fee: GBP13.00$c25\0$e01-jan-2004$fGBP13.00$g0$hP$5Uk
=ACF  \\$aPrevious copyright fee: GBP15.00$c25\0$e01-jan-2008$fGBP15.00$g0$hP$5Uk
=CAT  \\$aCONV$b00$c20040425$lBLL90$h0732
=CAT  \\$aglobal_upd$b40$c20060417$lBLL01$h1636
=CAT  \\$aBATCH-UPD$b40$c20060901$lBLL01$h0938
=CAT  \\$aBATCH-UPD$b40$c20060901$lBLL01$h1020
=CAT  \\$aBATCH-UPD$b40$c20071114$lBLL01$h1532
=CAT  \\$aBATCH-UPD$b40$c20071231$lBLL01$h1954
=CAT  \\$aBATCH-UPD$b40$c20071231$lBLL01$h2111
=CAT  \\$aBATCH$b00$c20071231$lBLL01$h2217
=CAT  \\$a6537$b40$c20080814$lBLL01$h0920
=CAT  \\$a11249$b40$c20090210$lBLL01$h0942
=CAT  \\$aBATCH$b00$c20091209$lBLL01$h0228
=CAT  \\$aBATCH$b00$c20091214$lBLL01$h0335
=CAT  \\$aBATCH$b00$c20091216$lBLL01$h0115
=CAT  \\$a9599$b40$c20100223$lBLL01$h1114
=CAT  \\$a8874$b40$c20110217$lBLL01$h1356
=CAT  \\$aBLSS-CORR$b00$c20120724$lBLL01$h1755
=CAT  \\$aBATCH-CLA$b00$c20121104$lBLL01$h1022
=CAT  \\$aWR13.050$c20130324$lBLL01$h1447
=CAT  \\$aBATCH-UPD$b00$c20130904$lBLL01$h1925
=CAT  \\$aIPL-CLA$c20130930$lBLL01$h1723
=CAT  \\$a11316$b40$c20131127$lBLL01$h1001
=CAT  \\$aBLDSS-3PM$b00$c20141121$lBLL01$h1851
=CAT  \\$aBATCH-UPD$b00$c20151109$lBLL01$h1745
=CAT  \\$aIPL-CLA$c20151109$lBLL01$h1813
=CAT  \\$aBATCH-UPD$b00$c20160413$lBLL01$h1804
=CAT  \\$aBATCH-UPD$b00$c20170304$lBLL01$h1036
=CFI  0\$aCurrent copyright fee: GBP30.00$c25\0$e09-nov-2015$fGBP30.00$g0$hP$5Uk
=CFI  2\$aPrevious copyright fee: GBP20.00$c25\0$e01-oct-2013$fGBP20.00$g0$hP$5Uk
=EST  \\$a2
=FFP  \\$aY$bBLDSS-3PM
=FIN  \\$aY
=FMT  \\$a  SE
=LAS  \\$aBATCH-UPD$b00$c20170304$lBLL01$h1036
=LEO  \\$aMP1.0002355328
=LEO  \\$aMP10.0000320866
=LEO  \\$aMP13.0000565027
=LEO  \\$aMP22.0000001131
=SRC  \\$aBLS01$bbibmp1.200404.2.ac
=SRC  \\$aDSS01$bbibmp10.200404.2.aa
=SRC  \\$aHSS01$bbibmp13.200404.2.ab
=SRC  \\$aISN01$bbibmp22.200404.2.aa
=TCO  \\$aCLA$bCLA$c008
=TOC  \\$aETOC
=UNO  \\$aY

