=LDR  04956cas a2201129 a 4500
=001  008632015
=003  Uk
=005  20221231143525.0
=007  ta
=008  950110c19759999xxuqr\p\\\\\\\0\\\a0eng\\
=019  c\$a2155048
=019  1\$aiolv06973
=022  \\$a0098-7913
=040  \\$aUk$cUk$dUk
=082  04$a011.34$222
=222  \0$aSerials review
=245  00$aSerials review.
=260  \\$aAnn Arbor :$bPierian Press,$c1975-
=264  21$a[Stamford, Conn.] :$b[JAI Press]
=264  21$a[New York] :$b[Elsevier]
=264  31$aPhiladelphia, PA :$bRoutledge, Taylor & Francis Group
=300  \\$av. :$bill. ;$c28 cm.
=310  \\$aQuarterly,$b1976-
=321  \\$aThree times a year,$b1975
=336  \\$atext$2rdacontent
=337  \\$aunmediated$2rdamedia
=338  \\$avolume$2rdacarrier
=362  0\$aVol. 1 (Jan./June 1975)-
=540  \\$aCurrent copyright fee: GBP37.00$c2\0$5Uk
=588  \\$aLatest issue consulted: volume 40, number 4 (October-December 2014).
=595  \\$aSEE ALSO CARD INDEX.
=650  \0$aPeriodicals$xReviews$vPeriodicals.
=650  \0$aPeriodicals$xReviews$xIndexes$vPeriodicals.
=776  08$iAlso issued online as:$tSerials review$x1879-095X
=852  41$aBritish Library$bHMNTS$j2725.g.2797$3Vol. 1 (1975)-v. 34, no. 3 (2008); v. 40, issue 1 (2014)-v. 40, issue 4 (2015)***title now taken as electronic copy only***Holdings unclear, always check shelf for exact items held
=852  41$aBritish Library$bDSC$j8242.760000$3Vol. 3, no. 1 (1977)-v. 35, no. 4 (2009)***UKRR Retained Title
=852  41$aBritish Library$bSTI
=856  \\$31850-9999$uhttp://www.tandfonline.com/$xBLDSS
=945  \\$aSERIALS REVIEW
=959  \\$fHeld but not currently received
=963  \\$aVOL. 1(1/2), 1975 *A=1$bN$cL999.B.1.348
=985  \\$aCorrected by MS generated file for WR# 12.018
=A02  \\$a2155048
=ACF  \\$aPrevious copyright fee: GBP19.00$c5\1$e01-jan-2008$fGBP19.00$g0$hP$5Uk
=ACF  \\$aPrevious copyright fee: GBP18.00$c5\1$e01-apr-2004$fGBP18.00$g0$hP$5Uk
=ACF  \\$aCurrent copyright fee: GBP20.00$c5\1$e01-jan-2003$fGBP20.00$g0$hP$5Uk
=ACF  \\$aCurrent copyright fee: GBP15.00$c5\1$e01-jul-2002$fGBP15.00$g0$hP$5Uk
=ACF  \\$aPrevious copyright fee: GBP20.00$c5\1$e01-jan-2009$fGBP20.00$g0$hP$5Uk
=ACF  \\$aPrevious copyright fee: GBP22.50$c5\1$e01-jan-2013$fGBP22.50$g0$hP$5Uk
=ACF  \\$aPrevious copyright fee: GBP21.00$c5\1$e01-jan-2012$fGBP21.00$g0$hP$5Uk
=ACF  \\$aPrevious copyright fee: GBP23.50$c2\0$e10-oct-2013$fGBP23.50$g0$hP$5Uk
=ACF  \\$aPrevious copyright fee: GBP24.00$c2\0$e01-jan-2014$fGBP24.00$g0$hP$5Uk
=ACF  \\$aPrevious copyright fee: GBP25.00$c2\0$e01-jan-2015$fGBP25.00$g0$hP$5Uk
=ACF  \\$aPrevious copyright fee: GBP26.00$c2\0$e01-jan-2016$fGBP26.00$g0$hP$5Uk
=ACF  \\$aPrevious copyright fee: GBP28.00$c2\0$e01-jan-2017$fGBP28.00$g0$hP$5Uk
=ACF  \\$aPrevious copyright fee: GBP30.00$c2\0$e01-jan-2018$fGBP30.00$g0$hP$5Uk
=ACF  \\$aPrevious copyright fee: GBP32.00$c2\0$e01-jan-2019$fGBP32.00$g0$hP$5Uk
=ACF  \\$aPrevious copyright fee: GBP34.00$c2\0$e01-jan-2020$fGBP34.00$g0$hP$5Uk
=CAT  \\$aCONV$b00$c20040425$lBLL90$h0732
=CAT  \\$aWR13.005$c20130323$lBLL01$h1342
=CAT  \\$a5552$b40$c20131010$lBLL01$h1340
=CAT  \\$aBATCH-UPD$b40$c20131119$lBLL01$h1957
=CAT  \\$aIPL-CLA$c20131231$lBLL01$h1940
=CAT  \\$aBATCH-UPD$b00$c20141124$lBLL01$h1800
=CAT  \\$aBLDSS-3PM$b00$c20141130$lBLL01$h1245
=CAT  \\$aIPL-CLA$c20141231$lBLL01$h1642
=CAT  \\$a8323$b40$c20150223$lBLL01$h1157
=CAT  \\$a8323$b40$c20150223$lBLL01$h1207
=CAT  \\$aBATCH-UPD$b40$c20151119$lBLL01$h1541
=CAT  \\$a11316$b40$c20151215$lBLL01$h1016
=CAT  \\$aIPL-CLA$c20151231$lBLL01$h1908
=CAT  \\$aBATCH-UPD$b00$c20160928$lBLL01$h1505
=CAT  \\$aBATCH-UPD$b00$c20161122$lBLL01$h1510
=CAT  \\$aIPL-CLA$c20161230$lBLL01$h1843
=CAT  \\$aBATCH-UPD$b00$c20171121$lBLL01$h1644
=CAT  \\$aIPL-CLA$c20171231$lBLL01$h1418
=CAT  \\$aBATCH-UPD$b00$c20181217$lBLL01$h1636
=CAT  \\$aIPL-CLA$c20181231$lBLL01$h1534
=CAT  \\$aBATCH-UPD$b00$c20191122$lBLL01$h1858
=CAT  \\$aIPL-CLA$c20191231$lBLL01$h1743
=CAT  \\$aBATCH-UPD$b00$c20201118$lBLL01$h1332
=CAT  \\$aIPL-CLA$c20201231$lBLL01$h1520
=CAT  \\$aBATCH-UPD$b00$c20221121$lBLL01$h1344
=CAT  \\$aIPL-CLA$c20221231$lBLL01$h1435
=CFI  0\$aCurrent copyright fee: GBP37.00$c2\0$e01-jan-2023$fGBP37.00$g0$hP$5Uk
=CFI  2\$aPrevious copyright fee: GBP35.00$c2\0$e01-jan-2021$fGBP35.00$g0$hP$5Uk
=EST  \\$a2
=FFP  \\$aY$bBLDSS-3PM
=FIN  \\$aY
=FMT  \\$a  SE
=LAS  \\$aIPL-CLA$b00$c20221231$lBLL01$h1435
=LEO  \\$aMP10.0000530738
=LEO  \\$aMP13.0000565313
=SRC  \\$aDSS01$bbibmp10.200404.2.aa
=SRC  \\$aHSS01$bbibmp13.200404.2.ab
=TCO  \\$aTRS$bCCC$c008
=TOC  \\$aETOC

