=LDR  05640cas a2201261 a 4500
=001  009190952
=003  Uk
=005  20221231143612.0
=006  ab\\\|||||||||||||
=007  ta
=008  040123c19849999enkqr\p\\\\\\\0\\\a0eng\\
=015  \\$aGBA409578$2bnb
=019  y\$abA409578
=019  9\$abA409578
=019  0\$as693614005
=019  c\$a2316385
=022  0\$a0889-048X
=039  0\$a2778
=040  \\$aUk$cUk$dUk
=082  04$a306.34905$222
=222  \0$aAgriculture and human values
=245  00$aAgriculture and human values :$bjournal of the Agriculture, Food, and Human Values Society.
=260  \\$aDordrecht, The Netherlands ;$aNorwell, MA :$bKluwer Academic Publishers,$c1984-
=300  \\$av. :$bmaps ;$c28 cm.
=310  \\$aQuarterly
=336  \\$atext$2rdacontent
=337  \\$aunmediated$2rdamedia
=338  \\$avolume$2rdacarrier
=362  0\$aVol. 1, no. 1 (winter 1984)-
=500  \\$aDescription based on: Vol. 20, no. 3 (fall 2003)
=530  \\$aIssued also as an electronic journal.
=540  \\$aCurrent copyright fee: GBP29.95$c22\1$5Uk
=650  \0$aAgriculture$xSocial aspects$vPeriodicals.
=690  7\$aManagement and Business Studies$2blcoll
=710  2\$aAgriculture, Food, and Human Values Society.
=852  41$aBritish Library$bHMNTS$3.
=852  41$aBritish Library$bDSC$j0759.530000$3Vol. 1, no. 1 (1984)-v. 27, no. 4 (2010)***UKRR Retained Title
=856  \\$31850-9999$uhttp://www.springer.com/gb/$xBLDSS
=945  \\$aAGRICULTURE AND HUMAN VALUES.
=959  \\$fHeld but not currently received
=985  \\$aRecord merged by DQ team
=A02  \\$a2316385
=ACF  \\$aPrevious copyright fee: GBP21.25$c13\1$e01-jan-2009$fGBP21.25$g0$hP$5Uk
=ACF  \\$aPrevious copyright fee: GBP16.75$c13\1$e01-jan-2007$fGBP16.75$g0$hP$5Uk
=ACF  \\$aPrevious copyright fee: GBP16.22$c13\1$e01-oct-2006$fGBP16.22$g0$hP$5Uk
=ACF  \\$aPrevious copyright fee: GBP17.14$c13\1$e01-apr-2006$fGBP17.14$g0$hP$5Uk
=ACF  \\$aPrevious copyright fee: GBP16.67$c13\1$e01-jan-2006$fGBP16.67$g0$hP$5Uk
=ACF  \\$aPrevious copyright fee: GBP16.22$c13\1$e01-apr-2005$fGBP16.22$g0$hP$5Uk
=ACF  \\$aPrevious copyright fee: GBP16.67$c13\1$e01-jan-2005$fGBP16.67$g0$hP$5Uk
=ACF  \\$aPrevious copyright fee: GBP13.51$c13\1$e01-apr-2004$fGBP13.51$g0$hP$5Uk
=ACF  \\$aCurrent copyright fee: GBP14.71$c13\1$e01-jan-2004$fGBP14.71$g0$hP$5Uk
=ACF  \\$aCurrent copyright fee: GBP15.63$c13\1$e01-jan-2003$fGBP15.63$g0$hP$5Uk
=ACF  \\$aPrevious copyright fee: GBP22.00$c13\1$e01-apr-2009$fGBP22.00$g0$hP$5Uk
=ACF  \\$aPrevious copyright fee: GBP22.00$c13\1$e12-aug-2012$fGBP22.00$g0$hP$5Uk
=ACF  \\$aPrevious copyright fee: GBP25.00$c13\1$e01-jan-2013$fGBP25.00$g0$hP$5Uk
=ACF  \\$aPrevious copyright fee: GBP25.77$c13\1$e01-jul-2013$fGBP25.77$g0$hP$5Uk
=ACF  \\$aPrevious copyright fee: GBP24.97$c13\1$e01-jan-2014$fGBP24.97$g0$hP$5Uk
=ACF  \\$aPrevious copyright fee: GBP24.21$c13\1$e01-jul-2014$fGBP24.21$g0$hP$5Uk
=ACF  \\$aPrevious copyright fee: GBP25.77$c13\1$e01-apr-2015$fGBP25.77$g0$hP$5Uk
=ACF  \\$aPrevious copyright fee: GBP26.63$c13\1$e01-jul-2015$fGBP26.63$g0$hP$5Uk
=ACF  \\$aPrevious copyright fee: GBP25.77$c13\1$e01-oct-2015$fGBP25.77$g0$hP$5Uk
=ACF  \\$aPrevious copyright fee: GBP27.55$c13\1$e01-apr-2016$fGBP27.55$g0$hP$5Uk
=ACF  \\$aPrevious copyright fee: GBP29.59$c13\1$e01-oct-2016$fGBP29.59$g0$hP$5Uk
=ACF  \\$aPrevious copyright fee: GBP31.96$c13\1$e01-apr-2017$fGBP31.96$g0$hP$5Uk
=ACF  \\$aPrevious copyright fee: GBP30.73$c13\1$e01-oct-2017$fGBP30.73$g0$hP$5Uk
=ACF  \\$aPrevious copyright fee: GBP28.54$c13\1$e01-apr-2018$fGBP28.54$g0$hP$5Uk
=CAT  \\$aCONV$b00$c20040425$lBLL90$h0658
=CAT  \\$aWR14_140$c20140905$lBLL01$h1733
=CAT  \\$aBLDSS-3PM$b00$c20150103$lBLL01$h1041
=CAT  \\$aBATCH-UPD$b00$c20150219$lBLL01$h1642
=CAT  \\$aIPL-CLA$c20150331$lBLL01$h1620
=CAT  \\$aBATCH-UPD$b00$c20150520$lBLL01$h1700
=CAT  \\$aIPL-CLA$c20150630$lBLL01$h1635
=CAT  \\$aBATCH-UPD$b00$c20150820$lBLL01$h1750
=CAT  \\$aIPL-CLA$c20150930$lBLL01$h1747
=CAT  \\$aBATCH-UPD$b00$c20160217$lBLL01$h1636
=CAT  \\$aIPL-CLA$c20160331$lBLL01$h1705
=CAT  \\$aBATCH-UPD$b00$c20160413$lBLL01$h1805
=CAT  \\$aBATCH-UPD$b00$c20160524$lBLL01$h2154
=CAT  \\$aBATCH-UPD$b00$c20160524$lBLL01$h2232
=CAT  \\$aBATCH-UPD$b00$c20160824$lBLL01$h1713
=CAT  \\$aIPL-CLA$c20160930$lBLL01$h1547
=CAT  \\$aBATCH-UPD$b00$c20170216$lBLL01$h1800
=CAT  \\$aIPL-CLA$c20170331$lBLL01$h1831
=CAT  \\$aBATCH-UPD$b00$c20170904$lBLL01$h1802
=CAT  \\$aIPL-CLA$c20170929$lBLL01$h1713
=CAT  \\$aBATCH-UPD$b00$c20180223$lBLL01$h1616
=CAT  \\$aIPL-CLA$c20180331$lBLL01$h1602
=CAT  \\$aBATCH-UPD$b00$c20180524$lBLL01$h1652
=CAT  \\$aIPL-CLA$c20180630$lBLL01$h1909
=CAT  \\$aBATCH-UPD$b00$c20221121$lBLL01$h1357
=CAT  \\$aIPL-CLA$c20221231$lBLL01$h1436
=CFI  0\$aCurrent copyright fee: GBP29.95$c22\1$e01-jan-2023$fGBP29.95$g0$hP$5Uk
=CFI  2\$aPrevious copyright fee: GBP34.00$c22\1$e01-jul-2018$fGBP34.00$g0$hP$5Uk
=EST  \\$a2
=FFP  \\$aY$bBLDSS-3PM
=FIN  \\$aY
=FMT  \\$a  SE
=LAS  \\$aIPL-CLA$b00$c20221231$lBLL01$h1436
=LEO  \\$aMP10.0000038417
=LEO  \\$aMP5.0000029275
=LEO  \\$aMP25.0000370312
=SRC  \\$aBNB03$bbibmp5.200404.2.aa
=SRC  \\$aSRI01$bbibmp25.200404.2.aa
=SRC  \\$aDSS01$bbibmp10.200404.2.aa
=TCO  \\$aCLA$bCLA$c008
=TOC  \\$aETOC
=UNO  \\$aY

