=LDR  04003 as a2201033 a 4500
=001  007845472
=003  Uk
=005  20191231172043.0
=007  ta
=008  020430c20009999at\tr\p\\\\\\\0\\\\0eng\\
=010  \\$a2002220030
=019  c\$a2587585
=022  0\$a1442-7001
=030  \\$aEMRCAH
=035  \\$a(OCoLC)ocm49695167
=040  \\$aDNAL$cDNAL$dOUCA$dOCoLC$dOCoLC$dDLC$dOCoLC$dUk
=042  \\$alcd
=050  00$aQH75.A1$bE245
=072  \0$aX300
=072  \0$aP300
=082  04$a577.05$222
=245  00$aEcological management & restoration.
=246  3\$aEcological management and restoration
=260  \\$aCarlton, Vic., Australia :$bBlackwell Science [for] Ecological Society of Australia
=300  \\$av. :$bill. ;$c28 cm.
=310  \\$aThree no. a year
=336  \\$atext$2rdacontent
=337  \\$aunmediated$2rdamedia
=338  \\$avolume$2rdacarrier
=362  0\$aVol. 1, no. 1 (Apr. 2000)-
=500  \\$aPublished by: Blackwell Pub., 2006- .
=500  \\$aDescription based on: Vol. 2, no. 1 (Apr. 2001); title from cover.
=500  \\$aLatest issue consulted: Vol. 7, no. 1 (Apr. 2006).
=540  \\$aCurrent Copyright Fee: GBP32.00$c35\0$5Uk
=650  \0$aEcosystem management$vPeriodicals.
=650  \0$aRestoration ecology$vPeriodicals.
=710  2\$aEcological Society of Australia.
=776  0\$tEcological management & restoration (Online)$x1839-3330
=852  41$aBritish Library$bSTI
=852  41$aBritish Library$bDSC$j3648.885000$3Vol. 1 (2000)-v. 10 (2009)
=856  \\$31850-9999$uhttp://onlinelibrary.wiley.com/$xBLDSS
=945  \\$aECOLOGICAL MANAGEMENT AND RESTORATION.
=959  \\$fHeld but not currently received
=A02  \\$a2587585
=ACF  \\$aCurrent copyright fee: GBP13.00$c10\0$e01-apr-2003$fGBP13.00$g0$hP$5Uk
=ACF  \\$aCurrent copyright fee: GBP13.00$c10\3$e01-jan-2002$fGBP13.00$g0$hP$5Uk
=ACF  \\$aPrevious copyright fee: GBP15.00$c10\0$e01-apr-2004$fGBP15.00$g0$hP$5Uk
=ACF  \\$aPrevious copyright fee: GBP22.00$c10\0$e01-jan-2006$fGBP22.00$g0$hP$5Uk
=ACF  \\$aPrevious copyright fee: GBP24.00$c10\0$e01-mar-2015$fGBP24.00$g0$hP$5Uk
=ACF  \\$aPrevious copyright fee: GBP24.00$c35\0$e07-mar-2017$fGBP24.00$g0$hP$5Uk
=CAT  \\$aCONV$b00$c20040425$lBLL90$h0702
=CAT  \\$aBATCH-UPD$b00$c20060901$lBLL01$h1019
=CAT  \\$aBATCH$b00$c20091208$lBLL01$h0256
=CAT  \\$aCDS-UPD$b40$c20091208$lBLL01$h2208
=CAT  \\$aCDS-UPD$b40$c20091208$lBLL01$h2233
=CAT  \\$aBATCH$b00$c20091214$lBLL01$h0311
=CAT  \\$aBATCH$b00$c20091216$lBLL01$h0052
=CAT  \\$a8201$b40$c20110510$lBLL01$h1229
=CAT  \\$aBATCH-CLA$b00$c20121103$lBLL01$h1023
=CAT  \\$aWR12_168$c20121206$lBLL01$h1809
=CAT  \\$aWR13.005$c20130329$lBLL01$h1210
=CAT  \\$a11316$b40$c20130514$lBLL01$h1107
=CAT  \\$aBLDSS-3PM$b00$c20141214$lBLL01$h1518
=CAT  \\$aBATCH-UPD$b00$c20150215$lBLL01$h1618
=CAT  \\$aIPL-CLA$c20150228$lBLL01$h2041
=CAT  \\$aBATCH-UPD$b00$c20160413$lBLL01$h1802
=CAT  \\$aBATCH-UPD$b00$c20170304$lBLL01$h1026
=CAT  \\$aW1703-0316$c20170306$lBLL01$h1822
=CAT  \\$aW1703-0316$c20170307$lBLL01$h1645
=CAT  \\$aIPL-CLA$c20170307$lBLL01$h1823
=CAT  \\$aBATCH-UPD$b00$c20180219$lBLL01$h1739
=CAT  \\$aBATCH-UPD$b00$c20181121$lBLL01$h1618
=CAT  \\$aIPL-CLA$c20181231$lBLL01$h1533
=CAT  \\$aR1911-0245$c20191127$lBLL01$h0821
=CAT  \\$aR1911-0245$c20191127$lBLL01$h1044
=CAT  \\$aIPL-CLA$c20191231$lBLL01$h1720
=CFI  0\$aCurrent Copyright Fee: GBP32.00$c35\0$e01-jan-2020$fGBP32.00$g0$hP$5Uk
=CFI  2\$aPrevious copyright fee: GBP28.00$c35\0$e01-jan-2019$fGBP28.00$g0$hP$5Uk
=EST  \\$a2
=FFP  \\$aY$bBLDSS-3PM
=FIN  \\$aY
=FMT  \\$a  SE
=LAS  \\$aIPL-CLA$b00$c20191231$lBLL01$h1720
=LEO  \\$aMP10.0000200141
=SID  \\$aZ39$bLOC
=SRC  \\$aDSS01$bbibmp10.200404.2.aa
=TCO  \\$aAUS$bCAL$c008
=TOC  \\$aETOC
=UNO  \\$aY

