=LDR  04438cas a2201153 a 4500
=001  007854263
=003  Uk
=005  20211231153547.0
=007  ta
=008  990618c20009999caumn\p\\\\\\\0\\\a0eng\d
=010  \\$asn 99008772
=016  7\$a100892858$2DNLM
=019  c\$a2593570
=022  0\$a1525-5050
=030  \\$aEBPEA4
=035  \\$a(OCoLC)ocm41569193
=037  \\$bAcademic Press, 6277 Sea Harbor Dr., Orlando, FL 32887-4900$c{dollar}400.00
=040  \\$aNSDP$cNSDP$dDNLM$dNSDP$dOUCA$dDLC$dCU-S$dOCoLC$dGU$dDLC$dOCoLC$dGU$dNLGGC$dDLC$dUk
=042  \\$alc$ansdp
=050  00$aRC372.A1$bE612
=060  00$aW1$bEP454U
=082  10$a616$213
=210  0\$aEpilepsy behav.$b(Print)
=222  \0$aEpilepsy & behavior$b(Print)
=245  00$aEpilepsy & behavior :$bE & B.
=246  3\$aEpilepsy and behavior
=246  3\$aE and B
=246  30$aE & B
=260  \\$aSan Diego, CA :$bAcademic Press,$cc2000-
=300  \\$av. :$bill. ;$c28 cm.
=310  \\$aMonthly (except Jan., Apr., July and Oct. )$bFeb. 2006-
=321  \\$aBimonthly,$b2000-2005
=336  \\$atext$2rdacontent
=337  \\$aunmediated$2rdamedia
=338  \\$avolume$2rdacarrier
=362  0\$aVol. 1, no. 1 (Feb. 2000)-
=500  \\$aTitle from cover.
=500  \\$aLatest issue consulted: Vol. 9 (2006).
=515  \\$aIssued in 2 pts.
=540  \\$aCurrent copyright fee: GBP34.30$c5\1$5Uk
=650  \0$aEpilepsy$xPsychological aspects$vPeriodicals.
=650  12$aEpilepsy$vPeriodicals.
=650  22$aBehavior$vPeriodicals.
=650  17$aEpilepsie.$2gtt
=650  17$aGedrag.$2gtt
=776  08$iOnline version:$tEpilepsy and behavior (Online)$x1525-5069
=852  41$aBritish Library$bSTI
=852  41$aBritish Library$bDSC$j3793.800800$3Vol. 1 (2000)-v. 16, no. 4 (2009)
=856  \\$31850-9999$uhttp://www.elsevier.com/journals$xBLDSS
=945  \\$aEPILEPSY AND BEHAVIOR.
=959  \\$fHeld but not currently received
=A02  \\$a2593570
=ACF  \\$aPrevious copyright fee: GBP19.00$c5\9$e01-jan-2008$fGBP19.00$g0$hP$5Uk
=ACF  \\$aPrevious copyright fee: GBP18.00$c5\9$e01-apr-2004$fGBP18.00$g0$hP$5Uk
=ACF  \\$aCurrent copyright fee: GBP20.00$c5\9$e01-jan-2003$fGBP20.00$g0$hP$5Uk
=ACF  \\$aCurrent copyright fee: GBP22.58$c0$e01-oct-2002$fGBP22.58$g0$hC$5Uk
=ACF  \\$aPrevious copyright fee: GBP20.00$c5\1$e01-jan-2009$fGBP20.00$g0$hP$5Uk
=ACF  \\$aPrevious copyright fee: GBP21.00$c5\1$e01-jan-2012$fGBP21.00$g0$hP$5Uk
=ACF  \\$aPrevious copyright fee: GBP22.50$c5\1$e01-jan-2013$fGBP22.50$g0$hP$5Uk
=ACF  \\$aPrevious copyright fee: GBP23.40$c5\1$e01-jan-2018$fGBP23.40$g0$hP$5Uk
=CAT  \\$aCONV$b00$c20040425$lBLL90$h0702
=CAT  \\$aBATCH-UPD$b00$c20081231$lBLL01$h2355
=CAT  \\$aBATCH$b00$c20090101$lBLL01$h0126
=CAT  \\$aBATCH$b00$c20091208$lBLL01$h0259
=CAT  \\$aCDS-UPD$b40$c20091208$lBLL01$h2208
=CAT  \\$aCDS-UPD$b40$c20091208$lBLL01$h2233
=CAT  \\$aBATCH$b00$c20091214$lBLL01$h0312
=CAT  \\$aBATCH$b00$c20091216$lBLL01$h0053
=CAT  \\$aWR11_155$c20111021$lBLL01$h1330
=CAT  \\$aWR11_155$c20111114$lBLL01$h1647
=CAT  \\$aBATCH-UPD$b00$c20111123$lBLL01$h1849
=CAT  \\$aIPL-CLA$c20111230$lBLL01$h1709
=CAT  \\$aBATCH-CLA$b00$c20121103$lBLL01$h1021
=CAT  \\$aBATCH-UPD$b00$c20121121$lBLL01$h1653
=CAT  \\$aIPL-CLA$c20121231$lBLL01$h1244
=CAT  \\$aIPL-CLA$c20130102$lBLL01$h1646
=CAT  \\$aWR13.005$c20130329$lBLL01$h1219
=CAT  \\$aBLDSS-3PM$b00$c20141222$lBLL01$h1709
=CAT  \\$aBATCH-UPD$b00$c20160413$lBLL01$h1802
=CAT  \\$aBATCH-UPD$b00$c20160604$lBLL01$h2221
=CAT  \\$aBATCH-UPD$b00$c20171121$lBLL01$h1737
=CAT  \\$aIPL-CLA$c20171231$lBLL01$h1351
=CAT  \\$aBATCH-UPD$b00$c20190521$lBLL01$h1430
=CAT  \\$aIPL-CLA$c20190630$lBLL01$h1525
=CAT  \\$aBATCH-UPD$b00$c20211119$lBLL01$h1548
=CAT  \\$aIPL-CLA$c20211231$lBLL01$h1535
=CFI  0\$aCurrent copyright fee: GBP34.30$c5\1$e01-jan-2022$fGBP34.30$g0$hP$5Uk
=CFI  2\$aPrevious copyright fee: GBP32.84$c5\1$e01-jul-2019$fGBP32.84$g0$hP$5Uk
=EST  \\$a2
=FFP  \\$aY$bBLDSS-3PM
=FIN  \\$aY
=FMT  \\$a  SE
=LAS  \\$aIPL-CLA$b00$c20211231$lBLL01$h1535
=LEO  \\$aMP10.0000212756
=SID  \\$aZ39$bLOC
=SRC  \\$aDSS03$bbibsr.200404.2.aa
=SRC  \\$aDSS01$bbibmp10.200404.2.aa
=TCO  \\$aTRS$bCCC$c008
=TOC  \\$aETOC

