=LDR  04220 as a2201081 a 4500
=001  007860278
=003  Uk
=005  20191231172407.0
=007  ta
=008  001227c19999999maubr\p\\\\\\\0\\\a0eng\c
=010  \\$asn 98000837
=016  7\$a100883432$2DNLM
=019  c\$a2574363
=022  0\$a1520-541X
=030  \\$aELDMF9
=035  \\$a(OCoLC)ocm39518953
=037  \\$bBlackwell Science, 350 Main St., Malden, MA 02138$c{dollar}97.50 (institutions)
=040  \\$aNSDP$cNSDP$dDNLM$dOUCA$dDNLM$dOCoLC$dDLC$dNSDP$dMCM$dMH$dDLC$dOCoLC$dDLC$dDNLM$dInU$dDLC$dOCoLC$dDLC$dOCoLC$dDLC$dOCoLC$dUk
=042  \\$ansdp$apcc
=050  00$aQH359$b.E87
=060  00$aW1$bEV389
=082  10$a576$213
=210  0\$aEvolut. develop.
=222  \0$aEvolution & development
=245  00$aEvolution & development.
=246  3\$aEvolution and development
=260  \\$aMalden, MA :$bBlackwell Science,$cc1999-
=300  \\$av. :$bill. ;$c28 cm.
=310  \\$aBimonthly
=336  \\$atext$2rdacontent
=337  \\$aunmediated$2rdamedia
=338  \\$avolume$2rdacarrier
=362  0\$aVol. 1, no. 1 (July-Aug. 1999)-
=500  \\$aTitle from cover.
=500  \\$aLatest issue consulted: Vol. 2, no. 6 (Nov./Dec. 2000).
=515  \\$aVol. 1 complete in 3 issues.
=540  \\$aCurrent Copyright Fee: GBP39.00$c35\0$5Uk
=550  \\$aSponsored by the Society for Integrative and Comparative Biology.
=650  \0$aEvolution (Biology)$vPeriodicals.
=650  \0$aDevelopmental biology$vPeriodicals.
=710  2\$aSociety for Integrative and Comparative Biology.
=776  08$iOnline version:$tEvolution & development (Online)
=852  41$aBritish Library$bSTI
=852  41$aBritish Library$bDSC$j3834.215000$3Vol. 1 (1999)-v. 11, no. 6 (2009)
=856  \\$31850-9999$uhttp://onlinelibrary.wiley.com/$xBLDSS
=945  \\$aEVOLUTION AND DEVELOPMENT.
=959  \\$fHeld but not currently received
=A02  \\$a2574363
=ACF  \\$aCurrent copyright fee: GBP13.00$c10\0$e01-apr-2003$fGBP13.00$g0$hP$5Uk
=ACF  \\$aCurrent copyright fee: GBP13.00$c10\2$e01-jan-2002$fGBP13.00$g0$hP$5Uk
=ACF  \\$aPrevious copyright fee: GBP15.00$c10\0$e01-apr-2004$fGBP15.00$g0$hP$5Uk
=ACF  \\$aPrevious copyright fee: GBP22.00$c10\0$e01-jan-2006$fGBP22.00$g0$hP$5Uk
=ACF  \\$aPrevious copyright fee: GBP24.00$c10\0$e01-mar-2015$fGBP24.00$g0$hP$5Uk
=ACF  \\$aPrevious copyright fee: GBP24.00$c35\0$e07-mar-2017$fGBP24.00$g0$hP$5Uk
=CAT  \\$aCONV$b00$c20040425$lBLL90$h0702
=CAT  \\$aBATCH$b00$c20091208$lBLL01$h0301
=CAT  \\$aCDS-UPD$b40$c20091208$lBLL01$h2208
=CAT  \\$aCDS-UPD$b40$c20091208$lBLL01$h2233
=CAT  \\$aBATCH$b00$c20091214$lBLL01$h0313
=CAT  \\$aBATCH$b00$c20091216$lBLL01$h0054
=CAT  \\$a8201$b40$c20110620$lBLL01$h1653
=CAT  \\$aBATCH-CLA$b00$c20121103$lBLL01$h1020
=CAT  \\$aWR12_168$c20121206$lBLL01$h1809
=CAT  \\$aWR13.005$c20130329$lBLL01$h1225
=CAT  \\$a8456$b40$c20130812$lBLL01$h1208
=CAT  \\$a8124$b40$c20140408$lBLL01$h1526
=CAT  \\$aBLDSS-3PM$b00$c20141214$lBLL01$h1518
=CAT  \\$aBATCH-UPD$b00$c20150215$lBLL01$h1619
=CAT  \\$aIPL-CLA$c20150228$lBLL01$h2041
=CAT  \\$aBATCH-UPD$b00$c20160413$lBLL01$h1802
=CAT  \\$aBATCH-UPD$b00$c20160604$lBLL01$h2221
=CAT  \\$aW1703-0316$c20170306$lBLL01$h1822
=CAT  \\$aW1703-0316$c20170307$lBLL01$h1645
=CAT  \\$aIPL-CLA$c20170307$lBLL01$h1823
=CAT  \\$aBATCH-UPD$b00$c20180219$lBLL01$h1739
=CAT  \\$aBATCH-UPD$b00$c20181121$lBLL01$h1618
=CAT  \\$aIPL-CLA$c20181231$lBLL01$h1533
=CAT  \\$aR1911-0245$c20191127$lBLL01$h0944
=CAT  \\$aR1911-0245$c20191127$lBLL01$h1044
=CAT  \\$aIPL-CLA$c20191231$lBLL01$h1724
=CFI  0\$aCurrent Copyright Fee: GBP39.00$c35\0$e01-jan-2020$fGBP39.00$g0$hP$5Uk
=CFI  2\$aPrevious copyright fee: GBP28.00$c35\0$e01-jan-2019$fGBP28.00$g0$hP$5Uk
=EST  \\$a2
=FFP  \\$aY$bBLDSS-3PM
=FIN  \\$aY
=FMT  \\$a  SE
=LAS  \\$aIPL-CLA$b00$c20191231$lBLL01$h1724
=LEO  \\$aMP10.0000221433
=SID  \\$aZ39$bLOC
=SRC  \\$aDSS01$bbibmp10.200404.2.aa
=TCO  \\$aTRS$bCCC$c008
=TOC  \\$aETOC
=UNO  \\$aY

