=LDR  05469cas a2201189 a 4500
=001  007860503
=003  Uk
=005  20221231143352.0
=007  ta
=008  040409c19909999pauqr\p\\\\\\\0\\\a0eng\\
=019  c\$a2409891
=022  0\$y0936-2835
=040  \\$aUk$beng$cUk$dUk
=042  \\$aukblsr
=082  00$a371.905$223
=245  00$aExceptionality :$bthe official journal of the Division for Research of the Council for Exceptional Children.
=260  \\$aNew York :$bSpringer International,$cc1990-
=260  2\$a[Mahwah, NJ] :$bL. Erlbaum Associates
=260  3\$aPhiladelphia, PA :$bRoutledge / Taylor & Francis
=300  \\$av. :$bill. ;$c25 cm.
=310  \\$aQuarterly
=336  \\$atext$2rdacontent
=337  \\$aunmediated$2rdamedia
=338  \\$avolume$2rdacarrier
=362  0\$aVol. 1, no. 1 (1990)-
=540  \\$aCurrent copyright fee: GBP37.00$c2\0$5Uk
=588  \\$aLatest issue consulted: vol. 19, no. 4 (Oct./Dec. 2011).
=595  \\$aSee also card index.
=650  \0$aSpecial education$vPeriodicals.
=650  \0$aExceptional children$vPeriodicals.
=690  7\$aSocial Welfare$2blcoll
=710  2\$aCouncil for Exceptional Children.$bDivision for Research.
=776  08$iAlso issued online as:$tExceptionality (Online)$x1532-7035
=852  41$aBritish Library$bHMNTS
=852  41$aBritish Library$bDSC$j3835.550000$3Vol. 1 (1990)-v. 16, no. 4 (2008)
=856  \\$31850-9999$uhttp://www.tandfonline.com/$xBLDSS
=945  \\$aExceptionality -Hillsdale-
=959  \\$fHeld but not currently received
=985  \\$aISSN free on portal.
=A02  \\$a2409891
=ACF  \\$aPrevious copyright fee: GBP17.00$c2\0$e03-jun-2010$fGBP17.00$g0$hP$5Uk
=ACF  \\$aCurrent copyright fee: GBP17.00$c30\0$e01-jan-2010$fGBP17.00$g0$hP$5Uk
=ACF  \\$aPrevious copyright fee: GBP16.00$c30\0$e01-jan-2009$fGBP16.00$g0$hP$5Uk
=ACF  \\$aPrevious Copyright Fee: GBP15.00$c30\0$e01-jan-2008$fGBP15.00$g0$hP$5Uk
=ACF  \\$aPrevious copyright fee: GBP12.00$c30\0$e01-jul-2007$fGBP12.00$g0$hP$5Uk
=ACF  \\$aPrevious copyright fee: GBP12.30$c30\0$e01-apr-2007$fGBP12.30$g0$hP$5Uk
=ACF  \\$aPrevious copyright fee: GBP12.97$c30\0$e01-oct-2006$fGBP12.97$g0$hP$5Uk
=ACF  \\$aPrevious copyright fee: GBP13.72$c30\0$e01-apr-2006$fGBP13.72$g0$hP$5Uk
=ACF  \\$aPrevious copyright fee: GBP13.33$c30\0$e01-jan-2006$fGBP13.33$g0$hP$5Uk
=ACF  \\$aPrevious copyright fee: GBP12.98$c30\0$e01-apr-2005$fGBP12.98$g0$hP$5Uk
=ACF  \\$aPrevious copyright fee: GBP13.33$c30\0$e01-jan-2005$fGBP13.33$g0$hP$5Uk
=ACF  \\$aPrevious copyright fee: GBP12.97$c30\0$e01-apr-2004$fGBP12.97$g0$hP$5Uk
=ACF  \\$aCurrent copyright fee: GBP14.11$c30\0$e01-jan-2004$fGBP14.11$g0$hP$5Uk
=ACF  \\$aCurrent copyright fee: GBP7.50$c30\0$e01-jan-2003$fGBP7.50$g0$hP$5Uk
=ACF  \\$aPrevious copyright fee: GBP21.00$c2\0$e01-jan-2011$fGBP21.00$g0$hP$5Uk
=ACF  \\$aPrevious copyright fee: GBP23.00$c2\0$e01-jan-2012$fGBP23.00$g0$hP$5Uk
=ACF  \\$aPrevious copyright fee: GBP23.50$c2\0$e01-jan-2013$fGBP23.50$g0$hP$5Uk
=ACF  \\$aPrevious copyright fee: GBP24.00$c2\0$e01-jan-2014$fGBP24.00$g0$hP$5Uk
=ACF  \\$aPrevious copyright fee: GBP25.00$c2\0$e01-jan-2015$fGBP25.00$g0$hP$5Uk
=ACF  \\$aPrevious copyright fee: GBP26.00$c2\0$e01-jan-2016$fGBP26.00$g0$hP$5Uk
=ACF  \\$aPrevious copyright fee: GBP28.00$c2\0$e01-jan-2017$fGBP28.00$g0$hP$5Uk
=ACF  \\$aPrevious copyright fee: GBP30.00$c2\0$e01-jan-2018$fGBP30.00$g0$hP$5Uk
=ACF  \\$aPrevious copyright fee: GBP32.00$c2\0$e01-jan-2019$fGBP32.00$g0$hP$5Uk
=ACF  \\$aPrevious copyright fee: GBP34.00$c2\0$e01-jan-2020$fGBP34.00$g0$hP$5Uk
=CAT  \\$aCONV$b00$c20040425$lBLL90$h0703
=CAT  \\$aBATCH-UPD$b00$c20121121$lBLL01$h1612
=CAT  \\$aIPL-CLA$c20121231$lBLL01$h1245
=CAT  \\$aIPL-CLA$c20130102$lBLL01$h1646
=CAT  \\$aBATCH-UPD$b00$c20131119$lBLL01$h1957
=CAT  \\$aIPL-CLA$c20131231$lBLL01$h1859
=CAT  \\$aBATCH-UPD$b00$c20141124$lBLL01$h1800
=CAT  \\$aBLDSS-3PM$b00$c20141130$lBLL01$h1245
=CAT  \\$aIPL-CLA$c20141231$lBLL01$h1641
=CAT  \\$aBATCH-UPD$b00$c20151119$lBLL01$h1540
=CAT  \\$aIPL-CLA$c20151231$lBLL01$h1906
=CAT  \\$a11205$b40$c20160302$lBLL01$h1247
=CAT  \\$aBATCH-UPD$b40$c20160413$lBLL01$h1802
=CAT  \\$aBATCH-UPD$b40$c20161122$lBLL01$h1510
=CAT  \\$aBATCH-UPD$b40$c20161122$lBLL01$h1556
=CAT  \\$aIPL-CLA$c20161230$lBLL01$h1817
=CAT  \\$aBATCH-UPD$b00$c20171121$lBLL01$h1644
=CAT  \\$aIPL-CLA$c20171231$lBLL01$h1353
=CAT  \\$aBATCH-UPD$b00$c20181217$lBLL01$h1636
=CAT  \\$aIPL-CLA$c20181231$lBLL01$h1533
=CAT  \\$aBATCH-UPD$b00$c20191122$lBLL01$h1858
=CAT  \\$aIPL-CLA$c20191231$lBLL01$h1724
=CAT  \\$aBATCH-UPD$b00$c20201118$lBLL01$h1332
=CAT  \\$aIPL-CLA$c20201231$lBLL01$h1519
=CAT  \\$aBATCH-UPD$b00$c20221121$lBLL01$h1344
=CAT  \\$aIPL-CLA$c20221231$lBLL01$h1433
=CFI  0\$aCurrent copyright fee: GBP37.00$c2\0$e01-jan-2023$fGBP37.00$g0$hP$5Uk
=CFI  2\$aPrevious copyright fee: GBP35.00$c2\0$e01-jan-2021$fGBP35.00$g0$hP$5Uk
=EST  \\$a2
=FFP  \\$aY$bBLDSS-3PM
=FIN  \\$aY
=FMT  \\$a  SE
=LAS  \\$aIPL-CLA$b00$c20221231$lBLL01$h1433
=LEO  \\$aMP10.0000221733
=LET  \0$aExceptionality (Print)
=SRC  \\$aDSS01$bbibmp10.200404.2.aa
=TCO  \\$aTRS$bCCC$c008
=TOC  \\$aETOC

