=LDR  04071cas a2200973 a 4500
=001  007871816
=003  Uk
=005  20211231153601.0
=007  ta
=008  040410c20009999paugr\p\\\\\\\0\\\a0eng\\
=019  c\$a2607357
=022  0\$a1540-7489
=040  \\$aUk$cUk$dUk
=042  \\$aukblsr
=082  04$a541.361$222
=111  2\$aInternational Symposium on Combustion.
=210  1\$aProc. Combust. Inst.
=222  \0$aProceedings of the Combustion Institute
=245  10$aProceedings of the Combustion Institute.
=260  \\$aPittsburgh, Pa. :$bCombustion Institute,$cc2000-
=310  \\$aAnnual
=336  \\$atext$2rdacontent
=337  \\$aunmediated$2rdamedia
=338  \\$avolume$2rdacarrier
=362  0\$aVol. 28-
=540  \\$aCurrent copyright fee: GBP34.30$c5\1$5Uk
=595  \\$aSRIS SHARED STOCK. FORMERLY 8585.3 UP TO VOL. 27, 1998.
=595  \\$aPLEASE ROUTE ALL REQUESTS TO CONFERENCE INDEX. PAPERS HELD ON CD-ROM WHICH IS SHELVED IN CONF. INDEX.
=650  \0$aCombustion$vCongresses.
=710  2\$aCombustion Institute (U.S.)
=776  1\$tProceedings of the Combustion Institute (CD-ROM)
=776  08$iAlso issued online as:$aInternational Symposium on Combustion.$sProceedings of the Combustion Institute (Online)$x1873-2704
=780  00$tSymposium, International, on Combustion$x0082-0784
=852  41$aBritish Library$bSTI$3Vol. 28 (2000)-v. 33, no. 2 (2010)
=856  \\$31850-9999$uhttp://www.elsevier.com/journals$xBLDSS
=945  \\$aProceedings- Combustion Institute
=959  \\$fHeld but not currently received
=985  \\$aCorrected by MS generated file for WR# 12.018
=A02  \\$a2607357
=ACF  \\$aPrevious copyright fee: GBP19.00$c5\1$e01-jan-2008$fGBP19.00$g0$hP$5Uk
=ACF  \\$aPrevious copyright fee: GBP18.00$c5\1$e01-jan-2005$fGBP18.00$g0$hP$5Uk
=ACF  \\$aPrevious copyright fee: GBP5.00$c0$e01-jul-2002$fGBP5.00$g0$hA$5Uk
=ACF  \\$aCurrent copyright fee: GBP2.50$c0$e26-jul-2001$fGBP2.50$g0$hC$5Uk
=ACF  \\$aPrevious copyright fee: GBP20.00$c5\1$e01-jan-2009$fGBP20.00$g0$hP$5Uk
=ACF  \\$aPrevious copyright fee: GBP21.00$c5\1$e01-jan-2012$fGBP21.00$g0$hP$5Uk
=ACF  \\$aPrevious copyright fee: GBP22.50$c5\1$e01-jan-2013$fGBP22.50$g0$hP$5Uk
=ACF  \\$aPrevious copyright fee: GBP23.40$c5\1$e01-jan-2018$fGBP23.40$g0$hP$5Uk
=CAT  \\$aCONV$b00$c20040425$lBLL90$h0708
=CAT  \\$aBATCH$b00$c20091214$lBLL01$h0315
=CAT  \\$aBATCH$b00$c20091216$lBLL01$h0055
=CAT  \\$a9599$b40$c20100914$lBLL01$h0942
=CAT  \\$aCDS12-UPD$b40$c20111002$lBLL01$h2317
=CAT  \\$aBATCH-UPD$b40$c20111123$lBLL01$h1849
=CAT  \\$aIPL-CLA$c20111230$lBLL01$h1715
=CAT  \\$aBATCH-UPD$b00$c20120614$lBLL01$h2147
=CAT  \\$aBLSS-CORR$b00$c20120724$lBLL01$h1755
=CAT  \\$aBATCH-CLA$b00$c20121104$lBLL01$h1042
=CAT  \\$aBATCH-UPD$b00$c20121121$lBLL01$h1653
=CAT  \\$aIPL-CLA$c20121231$lBLL01$h1245
=CAT  \\$aIPL-CLA$c20130102$lBLL01$h1647
=CAT  \\$aWR13.005$c20130329$lBLL01$h1235
=CAT  \\$a8124$b40$c20131105$lBLL01$h1109
=CAT  \\$aBATCH-CLA$b00$c20140125$lBLL01$h1320
=CAT  \\$aBATCH-CLA$c20140225$lBLL01$h2314
=CAT  \\$aBLDSS-3PM$b00$c20141222$lBLL01$h1709
=CAT  \\$aBATCH-UPD$b00$c20160413$lBLL01$h1803
=CAT  \\$aBATCH-UPD$b00$c20170304$lBLL01$h1030
=CAT  \\$aBATCH-UPD$b00$c20171121$lBLL01$h1737
=CAT  \\$aIPL-CLA$c20171231$lBLL01$h1356
=CAT  \\$aBATCH-UPD$b00$c20190521$lBLL01$h1430
=CAT  \\$aIPL-CLA$c20190630$lBLL01$h1525
=CAT  \\$aBATCH-UPD$b00$c20211119$lBLL01$h1548
=CAT  \\$aIPL-CLA$c20211231$lBLL01$h1536
=CFI  0\$aCurrent copyright fee: GBP34.30$c5\1$e01-jan-2022$fGBP34.30$g0$hP$5Uk
=CFI  2\$aPrevious copyright fee: GBP32.84$c5\1$e01-jul-2019$fGBP32.84$g0$hP$5Uk
=EST  \\$a2
=FFP  \\$aY$bBLDSS-3PM
=FIN  \\$aY
=FMT  \\$a  SE
=LAS  \\$aIPL-CLA$b00$c20211231$lBLL01$h1536
=LEO  \\$aMP10.0000451911
=SRC  \\$aDSS01$bbibmp10.200404.2.aa
=TCO  \\$aTRS$bCCC$c008
=TOC  \\$aETOC

